1998 3084
19 246 55 320 -ί

55 1948 87 1966 1³1

724 166 1107 194 HIPPARCHUS.

101 253 174 280 τουτί
188 262 233 287 μοι
252 247 365 278 ανοῖθον.
400 252 455 275 ΣΩ.
475 250 555 275 Δοκεῖ
572 246 622 285 α’ρα
641 260 692 280 σοι,
708 246 742 279 ὦς
757 249 829 280 ἒόικε,
846 247 892 276 τοῦ
913 249 915 287 ζ

101 294 204 331 κέρδους
223 292 251 320 16
268 293 315 329 μέν
331 302 362 323 τι,
382 288 491 328 ἀγαθὸν
508 287 580 322 εἶναι,
598 289 628 317 τὸ
648 291 676 318 δέ
692 302 715 318 ἰι
730 289 816 318 κακόν.
848 295 891 317 ΙΠ
913 300 915 328 Ι

96 334 206 385 Ἔμοιγε.
257 338 312 361 ΣΩ.
333 330 502 368 Ἀνατίθεμαι
528 333 613 359 τοίνυν
640 344 683 360 σοι
709 332 799 361 τοῦτο’
827 332 892 360 ἔστω

100 377 151 416 γὰρ
174 375 203 411 δὴ
225 376 313 412 κέρδος
334 386 358 402 τι
380 371 499 412 αγαθόν,
524 374 567 400 καὶ
589 374 675 411 ἕτερον
696 375 784 412 κέρδος
801 386 825 402 τι
843 386 891 401 κα-

100 418 153 448 κόν.
171 418 259 455 κέρδος
277 417 304 445 δέ
318 427 348 454 γε
367 414 441 444 οὐδὲν
456 415 556 452 μᾶλλόν
573 419 642 444 ἐστιν
657 414 720 444 αὐτὸ
737 415 766 444 τὸ
784 414 894 454 ἀγαθὸν

100 460 116 497 ἢ
132 460 162 489 τὸ
180 458 267 488 κακόν
285 459 300 493 ἠ
316 469 381 509 γαρς
424 458 547 489 1Π.Πῶς
562 470 594 495 με
610 458 716 495 ἑρωτᾷςς
760 463 815 486 ΣΩ.
829 456 892 496 Εγώ

100 501 201 540 φράσω.
239 501 321 529 σιτίον
348 501 402 528 ἔστι
428 497 538 537 ἀγαθόν
563 511 590 528 τε
615 501 659 527 καὶ
684 498 777 533 κακόνς
809 506 813 520 ¹
848 505 892 527 ΙΠ.

102 546 165 572 Ναί.
208 537 330 580 >2an13'
351 542 398 570 οὐν
416 540 516 578 μᾶλλόν
541 554 565 569 τι
592 540 676 570 αὐτῶν
702 543 756 570 ἐστὶ
782 541 812 570 τὸ
839 542 890 570 ἓτε-

101 598 158 640 ρον
172 585 219 614 τοῦ
245 586 333 621 ἑτέρου
360 585 455 617 σιτίονς
481 582 497 619 ἢ
521 582 617 620 ὅμοίως
642 583 721 612 τουτό
745 596 787 622 γε,
815 585 892 616 σιτία,

102 628 178 657 ἐστὸν
196 625 343 664 ἀμφότερα,
361 626 404 654 καὶ
422 624 502 662 ταύτῃ
519 638 548 664 γε
568 624 642 654 ουδὲν
659 627 783 668 διαφέρει
790 625 819 654 τὸ
839 626 891 654 ἒτε-
914 636 916 653 2

101 682 148 709 ρον
165 669 211 698 τοῦ
229 671 328 705 ἑτέρου,
350 667 417 696 κατὰ
434 667 464 696 τὸ
484 669 566 696 σιτιόν
583 666 659 696 εἶναι·
684 666 747 695 ἀλλὰ
765 669 782 704 ᾑ
800 667 829 696 τὸ
846 669 894 704 μὲν

103 711 185 741 αὐτῶν
203 709 323 750 ἀγαθόν,
346 710 376 738 τὸ
399 711 426 738 δὲ
443 709 535 743 κακόνς
578 716 623 738 ΙΠ.
643 712 705 738 Ναί.
749 714 805 738 ΣΩ.
827 708 892 738 Οὗκ-
915 703 917 727 [

103 754 148 784 οὖν
168 754 212 782 καὶ
232 752 317 781 ποτὸν
337 753 381 780 καὶ
401 753 482 780 τᾶλλα
503 751 601 785 πάντα,
625 752 677 781 ὅσα
696 752 746 780 τῶν
764 751 844 780 ὄντων
861 750 893 779 τὰ

103 795 168 825 αὐτὰ
186 795 250 824 ὄντα
271 795 304 823 τὰ
324 797 372 832 μέν
392 797 528 823 πέπονθεν
546 792 641 846 ἀγαθὰ
660 792 782 842 efran-162
801 795 828 822 δὲ
845 806 892 821 κα-

102 837 142 871 κοί,
161 836 236 867 οὐδὲν
254 839 334 874 ἐκείνῃ
355 849 384 887 ζε
407 838 520 874 διαφερει
542 836 572 865 τὸ
596 837 682 874 ἕτερον
699 835 746 865 τοῦ
764 838 894 874 ἑτέρου,η
877 830 895 872 ᾗ

102 880 132 910 τὸ
156 878 220 908 αὖτό
243 883 323 912 ἐστινς
351 878 433 917 ω’ςπερ
461 877 605 916 α’νθρωπος
627 878 710 913 δήπου
732 876 746 906 6
767 880 814 915 μὲν
829 890 893 915 χρη-

104 922 166 954 στός
193 929 197 943 ¹
225 925 301 954 ἐστιν,
329 919 343 950 6
371 922 398 949 δὲ
423 919 543 958 πονηρός.
587 927 631 949 ΙΠ.
651 922 714 948 Ναί.
758 926 814 948 ΣΩ
830 917 893 948 Ἀλλ

104 963 248 1006 ἅνθρωπός
263 975 301 1002 γε,
320 961 400 1000 οἶμαι,
420 962 552 1000 οὐδέτερος
569 961 705 1000 ουδετέρου
723 974 782 991 ουτε
797 962 897 999 μᾶλλον

105 1006 163 1036 οὔτε
180 1005 258 1042 ἧττόν
276 1009 356 1038 ἐστιν,
380 1017 438 1033 ουτε
460 1003 474 1033 ὅ
494 1005 609 1043 χρηστὸς
630 1005 677 1033 τοῦ
694 1004 818 1042 πονηροῦ,
838 1015 897 1032 ουτε

105 1048 119 1078 ὁ
144 1048 258 1086 πονηρὸς
283 1048 330 1076 τοῦ
353 1047 476 1085 χρηστοῦ.
524 1053 567 1075 ΙΠ.
588 1045 687 1082 Ἀληθῆ
708 1049 793 1085 λέγεις.
841 1051 897 1074 ΣΩ.

108 1089 206 1121 Οὗκοῦν
233 1089 299 1119 οὕτω
317 1102 360 1117 και
381 1090 441 1127 περὶ
461 1089 509 1118 τοῦ
530 1090 634 1126 κέρδους
656 1088 837 1126 διανοωμεθα,
865 1087 899 1119 ὦς

106 1134 193 1183 κέρδος
209 1145 238 1171 γε
255 1131 349 1170 ὁμοίως
364 1133 419 1160 ἐστὶ
436 1132 479 1159 καὶ
494 1131 523 1159 τὸ
539 1131 655 1168 πονηρὸν
669 1132 712 1158 καὶ
727 1131 757 1159 τὸ
770 1130 897 1168 χρηστόν·

106 1174 283 1214 1Π.Ἀνιι’γκη
326 1179 382 1202 ΣΩ.
403 1172 512 1203 Ουδὲν
501 1186 552 1223 αρα
572 1174 671 1221 μᾶλλρν
694 1171 848 1211 κερδαίνει
836 1185 850 1201 ο
869 1172 899 1201 τὸ

106 1217 220 1256 χρηστὸν
241 1218 355 1269 κέρδσς’
347 1218 410 1252 έχων
427 1215 442 1252 ἧ
465 1215 479 1244 6
502 1216 531 1244 τὸ
549 1228 672 1253 πονηρον.
691 1228 785 1244 ουκουν
801 1214 901 1252 μᾶλλόν

107 1272 136 1300 γε
157 1261 245 1297 κέρδος
266 1261 385 1296 φαίνεται
406 1257 540 1296 ουδέτερον
563 1265 567 1278 “
591 1257 632 1290 ο’ν,
659 1269 694 1289 ως
715 1257 900 1296 ὁμολογοῦμεν.

108 1309 151 1331 In.
171 1303 232 1330 Ναί.
276 1307 332 1330 ΣΩ.
353 1299 481 1339 Ουδετέρῳ
503 1301 554 1339 γὰρ
577 1298 661 1328 αὐτῶν
679 1298 738 1329 οὐδὲ
756 1300 786 1329 τὸ
803 1300 902 1337 μᾶλλον

109 1343 168 1374 οὐδὲ
184 1345 214 1373 τὸ
232 1340 310 1380 ἧττον
327 1343 471 1391 πρόςεο-τιν.
514 1348 558 1371 111.
579 1341 616 1371 Οὐ
633 1342 684 1381 γὰρ
703 1342 740 1377 δή.
784 1348 840 1370 ΣΩ.
861 1341 902 1378 Τῷ

109 1387 139 1423 δὴ
164 1399 272 1424 τοιουτῳ
299 1386 433 1424 πράγματι
461 1385 517 1417 πῶς
543 1384 575 1413 ἂν
600 1396 637 1416 τις
661 1385 760 1422 μᾶλλον
784 1383 800 1419 ἢ
826 1380 903 1420 ἧττον

110 1428 196 1459 ὄτιοῦν
213 1428 245 1457 ἂν
261 1432 337 1457 ποιοῖ
351 1427 367 1464 ἢ
384 1427 492 1463 πάσχοι,
511 1429 530 1465 ᾡ
546 1428 685 1465 μηδέτερον
705 1426 804 1456 τούτων
820 1437 900 1464 προς-

109 1474 158 1508 είης
201 1477 244 1500 ln.
260 1469 406 1499 ’Ammon
450 1475 505 1498 ΣΩ
526 1468 625 1504 Επειδη
646 1471 732 1498 τοίνυν
757 1470 831 1507 κέρδη
857 1471 903 1506 μὲν

111 1513 204 1552 ὁμοίως
230 1514 299 1542 ἐο-ιῖν
326 1511 461 1550 ἀμφότερα
487 1513 531 1540 καὶ
556 1513 691 1549 κερδαλέα,
718 1513 790 1540 τουτὶ
812 1512 842 1547 δὴ
866 1512 905 1539 δεῖ

111 1555 176 1594 ἡμᾶς
193 1558 403 1593 ἐπισκέψασθαι,
423 1555 464 1582 διὰ
482 1556 507 1583 τί
523 1566 587 1583 ποτε
606 1552 741 1592 ἆμφότερα
761 1552 826 1583 αὐτὰ
845 1556 900 1591 κε’ρ-
924 1566 926 1575 ¹

112 1600 156 1631 δος
171 1601 266 1631 καλεῖς,
288 1600 313 1626 τί
333 1597 363 1626 τὸ
387 1595 450 1625 αὐτὸ
475 1601 501 1625 ἐν
523 1595 679 1634 ἀμφοτέροις
698 1604 702 1618 ¹
722 1595 802 1634 ὄρῶν;
821 1596 903 1633 ὥςπερ

113 1641 144 1670 ἄν
159 1641 182 1670 εἶ
200 1640 245 1679 [ἃ]
265 1640 297 1669 συ
313 1652 345 1677 με
363 1638 463 1677 ἥρω’τας
483 1639 515 1668 τὰ
538 1640 582 1667 νῦν
604 1639 646 1674 δή,
670 1639 711 1667 διὰ
734 1641 758 1667 τί
778 1651 843 1668 ποτε
861 1640 904 1666 καὶ

111 1683 140 1712 τὸ
160 1681 268 1722 ἀγαθὸν
290 1684 373 1711 σιτίον
394 1683 437 1710 καὶ
455 1682 484 1710 τὸ
503 1682 583 1710 κακὸν
601 1683 684 1710 σιτίον
701 1680 796 1718 ὁμοίιος
815 1679 902 1718 αμφό-

111 1738 172 1764 τερα
190 1728 258 1755 σιτία
276 1726 356 1758 καλώ,
375 1723 449 1753 εἷπον
467 1723 499 1751 ἄν
516 1736 571 1756 σοι,
594 1723 659 1752 διότι
682 1722 817 1761 ἀμφότερα
840 1722 904 1760 ξηρά

112 1768 194 1806 τροφὴ
212 1766 333 1804 σώματός
351 1771 412 1799 ἐστι,
435 1766 476 1794 διὰ
498 1767 576 1795 τοῦτο
597 1767 682 1804 ἔγωγε.
701 1767 779 1795 τοῦτο
797 1765 849 1804 γαρ
867 1763 903 1793 εἷ-

113 1823 154 1839 ναι
175 1812 256 1839 σιτίον
277 1809 325 1838 κᾶν
347 1808 379 1838 σύ
401 1821 453 1837 που
474 1807 534 1846 ἡμῖν
552 1807 697 1849 ὅμολογοῖς.
720 1809 735 1843 ἡ
752 1821 818 1847 γαρς
861 1813 904 1835 ΙΠ.

109 1851 210 1906 Ἔγωγε.
253 1857 308 1881 ΣΩ.
326 1853 382 1880 Καὶ
402 1863 461 1888 περι
483 1852 567 1879 ποτοῦ
590 1852 636 1879 οὐν
658 1850 671 1879 6
697 1849 775 1882 αυτὸς
793 1863 825 1878 αν
842 1849 903 1887 τρό-

112 1906 162 1927 πος
186 1898 223 1930 εἴη
250 1895 293 1930 τῆς
319 1893 487 1943 ἀποκρίσεως,
515 1893 554 1922 ὅτι
576 1894 607 1930 τῇ
629 1893 676 1921 τοῦ
698 1892 819 1943 σώματος
840 1892 906 1930 ὑγρᾷ

113 1938 204 1976 τροφῆ,
227 1935 272 1965 εἰὶν
288 1948 315 1965 τε
330 1937 430 1985 χρηστὴ
452 1935 497 1964 ἐάν
517 1948 544 1964 τε
566 1935 668 1972 πονηρὰ
687 1940 700 1952 *
717 1930 746 1972 ᾖ,
774 1936 852 1963 τοῦτο
876 1934 905 1962 τὸ

113 1979 196 2021 ονομά
219 1983 284 2011 εστι,
305 1978 399 2007 ποτόν·
427 1979 470 2006 καὶ
491 1981 546 2009 τοῖς
568 1976 654 2009 αλλοις
675 1976 799 2009 ὦςαύτως.
826 1977 906 2012 πειρῶ

114 2022 160 2051 οὖν
184 2034 225 2050 και
246 2021 279 2050 σὺ
301 2023 343 2058 ἐμὲ
363 2024 505 2058 μιμεῖσθαι
528 2019 609 2051 ου’τως
636 2018 848 2067 ἆποκρινομενον.
875 2018 905 2047 τὸ

111 2063 225 2102 χρηστὸν
241 2065 329 2101 κέρδος
345 2064 389 2091 καὶ
406 2062 435 2091 τὸ
454 2062 569 2100 πονηρὸν
584 2063 672 2099 κέρδος
686 2063 775 2099 κέρδος
789 2062 840 2098 φῂς
856 2060 905 2098 ἆμ-

113 2106 225 2144 φότερον
241 2110 318 2138 εἶναι,
336 2107 361 2134 τί
377 2105 407 2134 τὸ
427 2103 490 2133 αὐτὸ
514 2108 540 2133 ἐν
558 2103 647 2136 αυτοῖς
664 2104 740 2142 ὁρῶν,
759 2104 799 2133 ὅτι
817 2104 846 2139 δὴ
865 2104 908 2131 καὶ

113 2149 191 2178 τοῦτο
213 2149 301 2186 κέρδος
323 2149 403 2176 ἐστίνι
425 2147 448 2176 εἰ
470 2145 494 2175 δ’
514 2147 547 2175 αὖ
563 2147 598 2184 μὴ
617 2145 694 2178 αὐτὸς
713 2148 776 2182 ἔχεις
798 2144 904 2183 ἀποκρί-

114 2194 225 2223 νασθαι,
244 2188 295 2218 ἀλλ’
304 2190 378 2239 .ὶέμοῦ
395 2192 515 2228 λέγοντος
533 2188 635 2239 σκόπξι·
656 2191 707 2226 οἱρα
725 2190 814 2226 κέρδος
831 2191 909 2226 λέγεις

114 2233 168 2261 πᾶν
183 2234 277 2270 κτῆμα,
300 2231 315 2260 ὅ
338 2231 369 2260 ἂν
391 2243 428 2263 τις
450 2230 572 2267 κτήσηται
593 2230 608 2266 ἢ
629 2232 707 2268 μηδὲν
730 2229 877 2262 ἀναλώσας,
894 2229 909 2265 ἢ

116 2275 221 2303 ἔλαττον
246 2273 383 2306 ἀναλωσας
403 2276 481 2302 πλέον
502 2273 582 2314 λᾴβῃς
625 2280 668 2301 ΙΠ.
688 2280 692 2294 ¹
712 2272 814 2311 Ἐμοιγε
842 2272 909 2300 δοκῶ

115 2317 193 2346 τοῦτο
210 2319 295 2345 καλεῖν
313 2317 407 2354 κέρδος.
452 2321 507 2344 ΣΩ.
526 2316 586 2353 'Apa
604 2317 648 2343 καὶ
665 2316 697 2344 τὰ
715 2315 803 2344 τοιάδε
817 2318 909 2353 λέγειςς

116 2358 161 2388 εἰὶν
176 2370 214 2391 τις
230 2359 365 2397 ἑστιαθεὶς
379 2359 459 2395 μηδὲν
477 2356 614 2389 ἀναλώσας
632 2356 683 2385 ἀλλ’
703 2356 846 2394 εὐωχηθεὶς
863 2356 908 2385 νοᾎ

117 2413 165 2430 σον
181 2400 313 2437 κτήσεταιζ
356 2406 400 2429 In.
419 2400 470 2428 Μὰ
490 2397 531 2427 Δί’
552 2398 597 2428 οὐκ
616 2401 702 2439 ἔγωγε.
746 2406 802 2428 ΣΩ.
814 2398 908 2438 Ὑγίει-

117 2455 150 2472 αν
166 2444 194 2472 δὲ
209 2441 369 2480 κτησάμενος
390 2441 443 2470 ἀπὸ
466 2440 607 2473 ἑστιάσεως
627 2444 716 2480 κέρδος
738 2441 770 2470 ἂν
787 2441 909 2477 κτήσαιτο

1686 162 1735 187 259

945 247 957 283 ἢ
976 249 1076 284 ζημίανς
1120 252 1163 274 ΙΠ.
1181 246 1287 283 Κέρδος.
1331 250 1387 272 ΣΩ
1406 241 1457 271 Ουκ
1476 255 1527 280 αρα
1545 240 1624 269 τοῦτό
1641 239 1664 279 γ’
1682 241 1736 268 ἐστὶ

943 290 1042 327 κέρδος,
1066 288 1096 317 τὸ
1115 287 1202 317 ὁτιοῦν
1220 287 1302 323 κτῆμα
1320 285 1481 321 κτήσασθαι
1524 289 1567 312 ΙΠ,
1589 281 1625 311 Ου
1641 285 1735 320 μέντοι.

943 337 999 359 ΣΩ
1018 330 1138 368 Πότερον
1160 328 1206 358 οὐκ
1228 329 1272 357 ἐὰν
1293 328 1373 357 κακὸν
1393 326 1409 363 ἢ
1427 325 1483 356 ουδ’
1505 325 1537 354 ἂν
1555 324 1663 364 τιγαθὸν
1681 323 1735 353 ὄτι-

944 374 990 402 οὖν
1007 372 1138 408 κτήσηται,
1158 370 1188 400 οὗ
1206 372 1294 409 κέρδος
1310 369 1442 406 κτήσεται;
1486 374 1529 396 ΙΠ.
1549 370 1677 399 Φαίνεται,
1694 365 1738 394 ἕαν

943 427 972 454 γε
989 414 1104 465 οἶγαθόν.
1136 419 1192 442 ΣΩ.
1209 412 1268 442 Ἐὰν
1286 414 1313 441 δὲ
1330 411 1417 444 κακόν,
1435 417 1438 432 ¹
1456 409 1487 439 οὗ
1502 413 1528 446 ζη
1559 422 1590 438 αν
1604 409 1736 444 κιήσεταις

944 463 987 485 ΙΠ
1002 457 1104 495 Ἔμοιγε
1126 457 1203 484 δοκεῖ
1246 460 1301 483 ΣΩ.
1317 454 1393 491 Ορᾷς
1414 465 1471 485 συν,
1494 452 1528 484 ὦς
1544 451 1622 480 πάλιν
1640 451 1672 478 αὖ
1690 463 1735 478 πε-

915 536 916 539 ¹
944 502 1064 537 ριτρέχεις
1084 510 1121 530 εις
1137 498 1167 526 τὸ
1187 495 1264 530 osmi,-
1287 496 1317 524 τὸ
1338 498 1386 533 μὲν
1406 496 1495 532 κέρδος
1517 493 1626 532 ἀγαθὸν
1647 495 1735 529 φαίνε-

1311 543 1356 566 111.

944 554 994 574 ται,
1012 540 1027 576 ἦ
1046 542 1073 569 δὲ
1091 542 1163 577 ζημία
1182 538 1268 567 κακόν.
1372 536 1475 574 ’4πορώ
1494 538 1572 574 ἔγωγε
1591 536 1606 564 ὅ
1624 547 1648 563 τι
1667 538 1736 563 εἴπω.

915 582 916 621 J
944 589 1000 611 ΣΩ.
1021 581 1072 611 Οὐκ
1091 580 1182 613 αδίκως
1198 593 1228 619 γε
1247 593 1279 609 συ
1298 578 1410 617 ἀπορῶν.
1434 580 1469 607 ἔτι
1487 579 1513 606 δὲ
1531 579 1575 606 καὶ
1592 577 1651 606 τάδε
1669 575 1737 605 ἁπό-

944 635 1037 662 κριναι·
1058 623 1102 652 ἐάν
1119 634 1156 655 τις
1174 624 1279 651 ἔλαττον
1298 607 1435 652 ἇναλωσας
1451 623 1529 649 πλέον
1543 619 1674 655 κτήσηται,
1689 619 1740 656 φῂς

944 668 1032 703 κέρδος
1050 671 1126 699 εἰναις
1170 671 1213 693 ln.
1235 663 1295 693 Ουτι
1313 662 1393 692 κακόν
1409 675 1438 701 γε
1457 665 1528 701 λέγω,
1548 660 1599 689 ἀλλ
1618 661 1662 689 ἐὰν
1675 673 1737 699 χρυ-

946 711 1003 738 σίον
1020 708 1035 743 ἢ
1055 707 1177 746 ἇργῦριον
1196 708 1302 735 ἕλαττον
1320 705 1463 737 αναλώσας,
1482 707 1560 733 πλέον
1577 703 1651 740 λαβῃ.
1684 708 1738 731 ΣΩ.

944 752 1000 779 Και
1022 750 1071 789 ἐγὼ
1091 752 1172 787 μέλλω
1194 748 1272 777 τοῦτο
1296 747 1450 785 ἐρήσεσθαι
1477 749 1536 783 φέρε
1559 758 1622 784 γαρ,
1642 745 1687 773 έαν
1704 756 1741 775 τις

943 795 1053 831 χρυσίου
1076 791 1201 829 σταθμὸν
1224 797 1227 812 ¹
1250 790 1343 843 ήμισνν
1366 788 1502 820 ἆναλωσας
1520 787 1657 815 διπλασιον
1674 787 1740 823 λαβῃ

947 834 1081 875 ἀργυρίου,
1108 835 1197 871 κέρδος
1218 831 1233 868 ἦ
1256 834 1344 869 ζημίαν
1365 834 1477 867 ειληφενς
1522 836 1564 858 ln
1583 831 1678 866 Ζημίαν
1696 828 1739 863 δή-

946 889 1006 909 που,
1026 889 1045 905 ω
1062 875 1207 914 Σώκρατες
1236 873 1292 902 ἀντὶ
1311 874 1521 902 δωδεκαστασιόυ
1537 872 1589 910 γὰρ
1607 870 1742 899 διστᾶσιον

948 918 1017 956 αυτῷ
1038 920 1201 947 καθίσταται
1222 917 1252 945 τὸ
1273 918 1389 953 χρυσίον.
1433 920 1488 943 ΣΩ.
1511 915 1566 942 Και
1590 913 1640 950 μὴν
1665 915 1743 941 πλέον

947 960 969 1000 γ’
989 964 1098 998 εἴληφεν.
1125 959 1141 996 ἢ
1164 972 1195 988 ου
1216 961 1295 987 πλέον
1316 959 1370 987 ἐστι
1392 957 1422 986 τὸ
1450 956 1586 985 διπλασιον
1611 955 1658 984 τοῦ
1684 954 1741 991 ημί-

949 1014 1021 1037 σεοςς
1065 1009 1108 1031 ἱΠ.
1134 1001 1196 1031 Ου’τι
1213 1002 1245 1039 τῇ
1264 999 1323 1037 ἇξίτι
1340 1012 1369 1039 γε
1389 998 1511 1038 ἀργύριον
1526 999 1643 1036 χρυσίου.
1687 1003 1742 1025 ΣΩ

951 1050 997 1074 Δεῖ
1019 1044 1082 1083 α’ρα,
1110 1043 1144 1076 ὦς
1167 1045 1244 1076 ἔοικε,
1270 1043 1305 1080 τῷ
1327 1043 1408 1080 κέρδει
1429 1042 1507 1070 τοῦτο
1529 1043 1672 1078 προςεῖναι,
1699 1039 1744 1074 τὴν

951 1087 1032 1120 αξίαν.
1058 1087 1103 1116 νῦν
1123 1086 1189 1125 γοῦν
1209 1085 1239 1114 τὸ
1261 1088 1308 1123 μὲν
1330 1083 1453 1134 ἀργύριον
1474 1086 1552 1111 πλέον
1570 1081 1600 1111 ὂν
1617 1081 1664 1110 τοῦ
1679 1094 1742 1119 χρυ-

951 1132 1009 1159 σίου
1032 1128 1063 1158 οὖ
1084 1127 1174 1166 φῄςα
1176 1131 1231 1160 ξιον
1253 1132 1327 1156 εἶναι·
1346 1127 1376 1155 τὸ
1396 1128 1422 1154 δὲ
1435 1127 1558 1178 χρυσίον,
1582 1126 1687 1152 ἔλαττον
1706 1123 1743 1155 ὅν,

952 1172 1026 1204 α’ξιον
1042 1172 1094 1209 φῂς
1110 1170 1182 1200 εἶναι.
1207 1177 1210 1191 ¹
1230 1176 1274 1198 ΙΠ.
1291 1168 1414 1206 Σφόδρα’
1435 1170 1483 1203 ἔχει
1501 1167 1552 1206 γὰρ
1571 1178 1645 1195 ουτω.
1689 1171 1744 1193 ΣΩ.

953 1215 989 1244 Τὸ
1011 1217 1058 1252 μὲν
1080 1213 1153 1246 α’ξιον
1176 1212 1227 1250 α’ρα
1257 1213 1394 1249 κερδαλέον
1416 1212 1495 1242 ἐο-τίι,
1523 1214 1568 1237 ἑαν
1589 1221 1615 1237 τε
1639 1207 1746 1245 σμικρὸν

952 1253 968 1294 ᾗ
991 1256 1035 1285 ἐάν
1056 1268 1083 1284 τε
1107 1259 1186 1294 μέγα,
1214 1254 1244 1283 τὸ
1273 1255 1300 1282 δὲ
1327 1252 1434 1285 ανάξιον
1461 1251 1568 1289 ἀκερδές.
1613 1251 1745 1279 1Π.Ναι’.

952 1305 1008 1328 ΣΩ.
1028 1298 1064 1327 Τὸ
1084 1297 1139 1327 δὲ
1129 1298 1202 1330 αξιον
1219 1300 1298 1335 λέγεις
1320 1294 1393 1328 αξιον
1414 1300 1478 1324 εἰναι
1501 1294 1562 1322 αλλο
1584 1305 1609 1321 τι
1624 1291 1640 1328 ἢ
1658 1292 1745 1327 κεκτῆ-

953 1345 1036 1374 aem,-
1079 1347 1123 1369 ΙΠ.
1144 1342 1211 1373 Ναί,
1238 1338 1390 1373 κεκτῆσθαι.
1434 1343 1490 1365 ΣΩ.
1511 1336 1547 1364 Τὸ
1571 1337 1597 1364 δὲ
1620 1334 1693 1367 ἄξιον
1715 1347 1747 1362 av

953 1387 1032 1422 λέγεις
1057 1383 1202 1419 κεκτῆσθαι
1227 1381 1257 1410 τὸ
1283 1379 1410 1417 ἀνωφελὲς
1431 1379 1446 1415 ἢ
1468 1378 1497 1408 τὸ
1521 1377 1660 1415 ὦφέλιμον;
1704 1382 1747 1404 ΙΠ.

955 1428 991 1455 Tb
1010 1424 1137 1463 ὠφέλιμον
1155 1424 1245 1460 δήπου.
1264 1428 1277 1442 *
1295 1429 1351 1451 ΣΩ.
1373 1420 1472 1451 Οὖκοῦν
1489 1420 1518 1449 τὸ
1537 1419 1664 1457 ὠφέλιμον
1680 1431 1745 1457 αγα-

955 1468 1010 1497 θόν
1032 1472 1112 1501 ἐστινς
1156 1473 1200 1495 ΙΠ.
1220 1468 1283 1494 Ναί.
1327 1470 1383 1493 ΣΩ.
1405 1461 1514 1496 Οὖκοῦν,
1538 1463 1557 1490 ὦ
1585 1460 1748 1499 ἀνδρειότατε

953 1523 1069 1543 παντων,
1089 1509 1120 1539 οὗ
1137 1509 1166 1538 τὸ
1186 1510 1333 1547 κερδαλέον,
1359 1505 1467 1545 αγαθὸν
1486 1506 1518 1534 αὐ
1535 1504 1613 1532 παλιν
1630 1505 1717 1541 τρίτον
1734 1502 1748 1538 ἢ

954 1557 1077 1591 τέταρτον
1094 1552 1146 1588 ἥκει
1164 1552 1222 1587 ἡμῖν
1241 1549 1463 1591 ὁμολογουμενονς
1498 1554 1541 1576 ΙΠ.
1556 1546 1660 1575 Έοικεν.
1693 1551 1748 1573 ΣΩ.

955 1602 1132 1633 Μνημονευεις
1154 1606 1212 1626 ουν,
1236 1593 1303 1622 ὅθεν
1324 1592 1383 1629 ἡμῖν
1401 1593 1478 1622 οὗτος
1500 1589 1514 1618 6
1537 1588 1615 1628 λόγος
1631 1591 1749 1627 γέγονεν,-

955 1636 1097 1674 1Π.Οιμαί
1121 1649 1157 1676 γε.
1205 1642 1260 1664 ΣΩ.
1284 1635 1315 1663 Εἰ
1343 1635 1370 1662 δὲ
1395 1632 1441 1671 μή,
1470 1631 1518 1671 ἐγώ
1545 1644 1575 1660 σε
1600 1629 1750 1680 ὑπομνήσω.

954 1679 1146 1718 ἠμφιςβήτησας
1166 1691 1212 1716 μοι
1233 1688 1294 1709 τους
1317 1675 1441 1715 ἀγαθους
1461 1675 1496 1712 μὴ
1518 1673 1604 1702 πάντα
1627 1673 1658 1701 τὰ
1677 1673 1751 1721 κέρδη

956 1722 1103 1760 βουλεσθαι
1125 1722 1274 1759 κερδαίνειν,
1299 1718 1363 1747 ἄλλα
1384 1718 1435 1746 τῶν
1456 1717 1552 1755 κερδῶν
1572 1714 1697 1754 ταγαθιὶς
1720 1714 1751 1742 τὰ

956 1766 982 1794 δὲ
1000 1764 1102 1801 πονηρὰ
1123 1763 1170 1801 μή;
1214 1768 1258 1791 ΙΠ.
1280 1763 1377 1801 qup.
1397 1767 1400 1781 ¹
1428 1766 1484 1788 ΣΩ..
1506 1757 1605 1787 Ουκοῦν
1623 1756 1750 1786 νυνπάν-

955 1820 988 1836 τα
1006 1819 1039 1835 τα
1061 1807 1134 1844 κέρδη
1157 1804 1171 1834 6
1194 1804 1272 1843 λόγος
1293 1802 1360 1840 ημᾶς
1380 1801 1506 1841 ἦναγκακε
1529 1802 1572 1829 καὶ
1594 1812 1688 1837 σμικρα
1710 1811 1752 1827 και

954 1849 1055 1900 μ-,ἐγαλα
1074 1848 1211 1886 ὁμολογεῖν
1229 1846 1324 1885 αγαθα
1347 1857 1423 1878 ειναι;
1469 1850 1511 1872 ln.
1530 1842 1672 1881 Ηναγκακε
1693 1853 1752 1880 γαρ,

957 1904 976 1920 ω
998 1890 1146 1929 Σωκρατες,
1172 1891 1271 1926 μᾶλλον
1293 1890 1336 1925 ἐμέ
1355 1900 1385 1926 γε
1406 1886 1422 1922 ἢ
1443 1889 1568 1915 πέπεικεν.
1612 1890 1667 1926 ΣΩ.
1689 1881 1751 1912 Ἀλλ’

957 1937 1019 1965 ισως
1043 1933 1109 1970 μετὰ
1135 1933 1213 1961 τοῦτο
1241 1932 1284 1959 καὶ
1310 1932 1421 1958 πείσειεν
1443 1928 1482 1957 ἂν.
1509 1929 1554 1956 νῦν
1576 1926 1599 1955 δ’
1621 1939 1678 1959 ουν,
1705 1929 1754 1954 εἴτε

957 1979 1078 2005 πέπεισαι
1096 1978 1146 2004 εἴτε
1165 1974 1235 2005 ὅπως
1253 1974 1309 2008 δέῃ’
1301 1975 1376 2008 ε’χεις,
1395 1982 1498 2008 συμφης
1518 1970 1583 2019 γοῦν
1600 1968 1666 2006 ἡμῖν,
1685 1967 1752 1995 πάν-

958 2031 990 2047 τα
1012 2018 1044 2046 ’τὰ
1067 2018 1141 2054 κέρδη
1164 2015 1277 2056 αγαθα
1282 2027 1359 2047 ειναι,
1386 2027 1429 2042 και
1456 2025 1550 2050 σμικρα
1577 2025 1619 2039 και
1640 2009 1754 2049 μεγαλας

959 2067 1002 2089 ΠΙ.
1019 2059 1151 2098 Ομολογώ
1172 2059 1224 2097 γὰρ
1247 2070 1300 2086 ουν.
1344 2062 1399 2085 ΣΩ
1420 2055 1487 2087 Τους
1509 2056 1535 2083 δὲ
1555 2064 1685 2091 χρηστους
1708 2065 1754 2080 αν-

961 2102 1087 2140 θρώπους
1117 2100 1264 2138 βουλεσθαι
1293 2099 1326 2128 τὰ
1358 2097 1454 2137 ἀγαθὰ
1485 2098 1621 2135 ὁμολογεῖς
1652 2095 1755 2123 α’παντα

960 2144 1089 2177 α’παντας,
1112 2143 1126 2179 ἢ
1149 2142 1192 2176 οὖς
1236 2148 1280 2170 ΙΠ.
1296 2140 1436 2179 Ομολογῶ.
1465 2146 1469 2161 ¹
1498 2145 1554 2167 ΣΩ.
1571 2137 1645 2167 Ἀλλὰ
1662 2140 1709 2174 μὲν
1727 2136 1757 2171 δὴ

959 2186 1020 2218 τούς
1044 2198 1074 2225 γε
1100 2184 1231 2223 πονηροὺς
1256 2182 1325 2215 εἶπες
1349 2183 1388 2212 ὅτι
1410 2183 1453 2211 καὶ
1476 2181 1570 2219 σμικρὰ
1593 2181 1636 2208 καῖ
1655 2178 1756 2218 μεγαλα

959 2230 1033 2267 κερδη
1059 2228 1186 2265 φιλοῦσιν.
1230 2230 1382 2254 1Π.Ει’πον.
1425 2230 1481 2253 ΣΩ.
1503 2222 1602 2253 Οὖκοῦν
1623 2235 1690 2250 κατα
1711 2221 1758 2249 τὸν

961 2272 1009 2300 σὸν
1027 2271 1107 2309 λόγον
1126 2270 1237 2300 ἅπαντες
1256 2268 1396 2306 ανθρωποι
1412 2267 1571 2304 φιλοκερδεις
1590 2264 1621 2293 ἄν
1638 2263 1695 2296 εἶεν,
1714 2276 1757 2291 και

961 2315 987 2343 οἱ
1001 2325 1113 2351 χρηστοι
1130 2313 1173 2340 καὶ
1192 2312 1218 2340 οἳ
1234 2312 1352 2348 πονηροί
1395 2316 1439 2338 ln.
1459 2311 1587 2337 Φαίνεται.
1631 2313 1687 2335 ΣΩ.
1706 2304 1757 2334 Οὐκ

961 2370 1012 2393 αρα
1032 2355 1123 2393 ὀρθῶς
1141 2353 1266 2404 ὀνειδίζει,
1284 2356 1311 2382 εἰ
1322 2355 1360 2384 τίς
1376 2365 1411 2389 τῳ
1430 2350 1542 2383 ὀνειδίζει
1559 2350 1704 2399 φιλοκερδεῖ
1720 2345 1755 2375 εἷ-

960 2409 1013 2427 ναι
1036 2409 1155 2447 τνγχανει
1174 2395 1226 2434 γὰρ
1248 2396 1292 2424 καὶ
1313 2393 1327 2423 ὅ
1349 2395 1432 2423 ταῦτα
1455 2392 1581 2426 ὀνειδίζων
1603 2389 1680 2422 αὐτὸς
1702 2401 1754 2418 τοι-

962 2441 1038 2472 Οὖῑθς
1056 2440 1098 2468 ὧν.

1432 2740 1485 2763 33’“

1773 1427 1809 1444 232
