1998 3084
174 287 210 306 178

189 1382 204 1399 [ι

170 2100 203 2117 179

235 202 268 228 6⁴

235 291 325 308 πουσα
351 283 548 317 νομοθετεῖταις
592 285 671 308 ΘΕΟ.
699 284 712 297 *
741 278 871 317 Οὐδαμῶς.
914 285 970 308 ΣΩ.
994 276 1030 309 ἵΗ

237 323 283 350 οὖν
304 335 347 349 και
368 334 485 360 τυγχαιει
507 320 558 353 ἀεί,
580 321 595 357 ἦ
617 321 700 350 πολλὰ
723 334 765 349 και
784 321 950 359 διαμαρτανει
966 322 1026 351 ἑκα-

237 376 298 399 στη,·
342 369 421 391 ΘΕΟ.
452 362 528 400 Οἶμαι
556 365 634 402 ἔγωγε
666 376 709 391 και
741 363 928 413 &tupaqrufvetv
971 370 1026 393 ΣΩ.

231 404 285 433 Ετι
310 407 395 433 τοίνυν
421 407 525 433 ἐνθένδε
553 405 584 433 ἂν
608 406 707 443 μᾶλλον
727 406 780 437 πᾶς
801 417 838 437 τις
859 404 1027 444 ὄμολογησειε

235 445 316 475 ταῦτα
339 448 433 479 ταῦτα,
455 459 477 475 ει
499 448 558 485 περὶ
579 446 678 479 παντός
698 459 736 479 τις
752 449 799 476 τοῦ
816 449 900 479 εἴδους
917 448 1025 486 ἐρωτῳη,

235 492 261 517 ἐν
282 490 302 525 ᾧ
323 490 366 516 καὶ
387 488 417 517 τὸ
440 487 567 526 ὠφέλιμον
588 489 706 528 τυγχάνει
729 489 766 518 όν.
794 491 848 518 ἒστι
870 491 898 518 δέ
913 503 966 519 που
983 503 1026 518 και

234 531 293 567 περὶ
314 530 361 559 τὸν
380 533 505 568 μέλλοντα
521 530 624 569 χρόνον.
652 531 717 560 ὅταν
733 532 784 570 γὰρ
802 532 1024 570 νομοθετώμεθα,

233 572 267 604 ὡς
285 575 422 609 ἐσομένους
439 571 581 611 ὠφελίμους
597 574 658 605 τοὺς
672 573 767 611 νόμους
781 577 915 611 τιθέμεθα
930 575 966 606 εἷς
980 575 1026 603 τὸν

234 615 320 642 ἔπειτα
341 613 444 652 χρόνον.
470 617 548 644 τοῦτο
572 617 598 644 δέ
618 618 710 654 μέλλον
732 615 823 654 ὀρθῶς
845 615 876 643 ἂν
902 619 1024 669 λέγοιμεν,

233 661 313 684 ΘΕΟ.
341 663 345 677 ¹
372 655 450 685 Πανυ
474 669 512 696 γε.
556 663 611 686 ΣΩ.
629 657 685 686 ΙΙθι
707 657 748 694 δή,
776 657 872 687 οῦτωσῖ
895 660 1026 708 ἐρωτῶμεν

232 698 415 737 Πρωταγόραν
431 698 447 735 ἢ
466 699 543 728 α’λλον
561 699 617 728 τινα
635 702 686 728 τῶν
704 702 786 737 ἐκείνῳ
804 700 836 728 τόι
854 699 919 729 αὐτὰ
934 700 1025 751 λεγόν-

232 750 293 768 των
320 740 434 769 Πάντων
453 744 547 779 μέτρον
569 741 714 780 α’νθρωπός
735 746 815 775 ἐστιν,
842 741 876 774 ὦς
900 745 978 779 φατέ,
1005 755 1025 770 ω

232 782 408 831 Πρωταγόρα,
423 785 523 817 λευκῶν,
543 785 648 833 βαρέων,
667 783 778 821 κούφων,
798 783 925 816 οὐδενὸς
916 784 979 813 ότου
995 783 1025 812 οῦ

232 826 283 852 τῶν
299 837 431 854 τοιουτων.
459 827 522 862 ἔχων
538 827 589 877 γὰρ
609 825 693 855 αὐτῶν
709 826 739 855 τὸ
758 826 886 864 κριτήριον
904 830 930 854 ἐν
948 825 1024 863 αὐτῷ,

233 879 275 895 οια
297 866 393 916 πάσχει
414 869 522 896 τοιαῦτα
546 867 675 906 οἰόμενος,
699 867 787 904 ἀληθῆ
809 880 836 896 τε
858 871 939 896 οἲεται
957 867 1025 905 αὐτῷ

402 908 449 945 οῦχ
471 910 564 944 ου’τωςς
609 916 688 939 ΘΕΟ.
714 910 807 941 Ου’τως.
851 916 906 938 ΣΩ
927 906 962 937 ἶΗ
983 922 1026 937 και

232 963 282 979 των
298 951 442 988 μελλόντωι
458 953 580 985 ἔσεσθαι,
598 952 727 1005 φήσομεν,
746 954 766 980 ὦ
780 951 957 990 ΙΙρωταγόρα,
977 953 1026 987 ἔχει

232 993 261 1021 τὸ
285 1006 413 1031 κριτηριον
434 998 461 1022 έν
483 993 564 1032 αὐτῷ,
586 1007 630 1023 και
652 999 695 1023 οἱα
718 1001 722 1015 ¹
747 993 779 1022 ἂν
801 995 885 1031 οἰηθῇ
904 996 1025 1026 ἔσεσθαι,

232 922 275 936 και
298 922 369 937 Ονῖα

232 1036 314 1076 ταῦτα
335 1036 379 1063 καὶ
399 1038 513 1074 γίγνεται
536 1038 618 1074 ἐκείνῳ
640 1038 675 1074 τῷ
697 1036 827 1072 οἷηθέντι;
855 1049 911 1064 οιον
928 1036 1025 1073 θερμα,

234 1076 272 1115 ἀρ’
290 1077 354 1106 ὅταν
375 1089 413 1109 τις
434 1079 517 1116 οἰηθῇ
539 1078 639 1114 ἰδιώτης
661 1077 740 1107 αὑτὸν
761 1078 873 1116 πυρετὸν
889 1077 1026 1115 λήψεσθαι

232 1121 276 1147 καὶ
298 1121 411 1148 ἔσεσθαι
432 1119 527 1156 ταύτην
548 1121 594 1171 τὴν
614 1120 780 1172 θερμότητα,
802 1122 846 1148 καὶ
864 1121 959 1158 ἕτερος,
983 1120 1024 1147 ἶα-

232 1161 293 1199 τρὸς
311 1163 344 1194 δέ,
365 1160 503 1200 ἀντοιηθῇ,
521 1162 588 1191 κατὰ
606 1162 651 1198 τὴν
668 1165 781 1212 ποτέρου
799 1162 879 1195 δόξαν
893 1164 981 1215 φῶμεν
995 1162 1024 1190 τὸ

231 1206 323 1241 μέλλον
341 1203 576 1241 αποβήσεσθαι,
561 1217 576 1240 η
594 1204 660 1233 κατὰ
678 1205 724 1240 τὴν
742 1203 906 1242 ἀμφοτέρων,
931 1217 974 1232 και
991 1205 1026 1241 τῷ

231 1249 278 1283 μὲν
295 1247 374 1284 ἱατρὸ
393 1245 423 1275 οὐ
441 1247 543 1285 θερμὸς
562 1246 621 1276 ουδὲ
638 1251 768 1299 πυρέττων
781 1246 925 1286 γενήσεται,
944 1248 1026 1275 ἑαυτῶ

232 1290 257 1316 δὲ
286 1287 433 1326 ἇμφότερα;
478 1294 557 1318 ΘΕΟ.
581 1292 689 1318 Γελοῖον
712 1292 759 1327 μέν
783 1302 798 1318 τ
828 1288 860 1317 &aa
881 1292 926 1325 εἴη.
970 1294 1025 1317 ΣΩ.

232 1329 303 1363 Ἀλλ’,
323 1329 406 1368 οἶμαι,
428 1332 487 1369 περὶ
510 1334 582 1360 οἴνου
602 1331 756 1370 γλυκύτητος
773 1332 817 1359 καὶ
835 1330 1027 1369 αὐστηρότητος

230 1372 372 1410 μελλούσης
390 1379 394 1393 ¹
414 1374 528 1401 ἔσεσθαι
546 1387 560 1409 η
579 1375 625 1403 τοῦ
642 1374 758 1412 γεωργοῦ
777 1373 850 1406 δόξα,
869 1372 921 1401 ἀλλ’
939 1371 1026 1408 οὗχὶῆ

232 1416 277 1443 τοῦ
300 1417 470 1468 κιθαριστοῦ,
494 1418 575 1453 κυρία
620 1421 699 1444 ΘΕΟ.
724 1418 755 1444 Τί
774 1415 836 1452 μήνς
880 1421 936 1444 ΣΩ.
961 1413 1023 1444 0816

232 1457 264 1485 (ἲν
287 1469 319 1485 αυ
341 1459 399 1496 περὶ
422 1456 590 1495 ἀναρμόστου
612 1470 639 1486 τε
657 1471 700 1487 και
717 1456 883 1497 εὖαρμόστου
901 1460 1026 1496 ἐσομένου

230 1499 431 1537 παιδοτρίβης“
415 1513 446 1528 οιν
464 1501 561 1537 βέλτιοι
580 1500 698 1533 δοξασειε
711 1503 847 1539 μουσικοῦ,
867 1513 881 1529 ο
896 1513 940 1529 και
956 1501 1023 1529 ἔτει-

231 1554 263 1570 τα
280 1540 348 1579 αὐτῷ
363 1543 397 1579 τῴ
412 1544 566 1580 παιδοτρίβῃ
582 1543 651 1576 δόξει
665 1542 830 1591 εὐάρμοστον
844 1542 916 1572 εἶναι.
944 1548 1024 1572 ΘΕΟ.

234 1582 364 1621 Ουδαμῶς
409 1590 464 1612 ΣΩ.
490 1584 590 1614 Οὐκοῦν
610 1587 654 1614 καὶ
675 1587 722 1614 τοῦ
742 1589 881 1623 μέλλοντος
904 1584 1023 1614 ἑστιασε-

231 1630 302 1655 σθαι
317 1626 352 1664 μὴ
368 1629 519 1665 μαγειρικοῦ
537 1626 619 1661 όντος,
639 1630 822 1666 σκευαζομένης
839 1630 940 1663 θοίνης,
962 1640 1023 1655 ακυ-

230 1671 324 1707 ροτέρα
346 1668 361 1704 ἡ
383 1671 464 1707 κρίσις
486 1671 529 1705 τῆς
550 1671 597 1698 τοῦ
615 1669 750 1708 ὀψοποιοῦ
767 1672 826 1708 περὶ
843 1671 887 1706 τῆς
905 1673 1026 1707 ἐσομένης

230 1710 329 1747 ἡδονῆς.
356 1723 415 1749 περι
430 1714 477 1749 μὲν
493 1712 544 1750 γάρ
562 1714 609 1741 τοῦ
627 1711 672 1748 η’δη
692 1719 696 1733 ¹
716 1712 791 1744 ὄντος
808 1711 908 1749 ἑκαστῳ
923 1711 1025 1748 ηδέος
1010 1725 1026 1748 η

229 1752 370 1793 γεγονότος
384 1755 462 1792 μηδὲν
478 1767 520 1783 πω
537 1756 572 1792 τῷ
589 1754 657 1793 λόγῳ
676 1754 875 1792 διαμαχώμεθα,
894 1753 958 1783 ἀλλὰ
976 1766 1023 1782 πε-

231 1797 256 1833 ρὶ
278 1797 324 1825 τοῦ
345 1799 487 1846 μέλλοντος
499 1796 599 1834 ἑκαστῳ
616 1810 660 1825 και
678 1797 761 1847 δόξειν
778 1799 822 1825 καὶ
840 1799 955 1825 ἔσεσθαι
971 1795 1022 1824 πό-

230 1850 305 1875 τερον
324 1837 402 1870 αὐτὸς
420 1838 488 1876 αὖτῴ
507 1838 614 1877 ἄριστος
631 1839 727 1877 κριτης,·
745 1838 761 1875 ἢ
779 1839 820 1872 σ’ὑ,
839 1840 860 1867 ώ
874 1838 1022 1877 Πρωταγό-

230 1893 276 1917 ρα,
298 1880 330 1909 τό
351 1892 380 1919 γε
402 1882 461 1918 περὶ
478 1880 572 1920 λόγους
588 1881 708 1910 πιθανὸν
725 1880 825 1918 ἑκάστῳ
841 1880 913 1918 ἡμῶν
931 1881 1022 1918 ἐσόμε-

230 1935 276 1951 νον
301 1923 337 1954 εἷς
362 1922 526 1961 δικαστήριον
553 1924 649 1960 βέλτιον
676 1923 708 1952 ἂν
732 1910 913 1964 προδόξασαις
937 1922 952 1959 ἢ
974 1924 1025 1951 τῶν

231 1965 337 1993 ι’διωτῶν
363 1963 489 1999 οςτιςοῦνς
534 1971 613 1994 ΘΕΟ.
640 1967 696 1994 Καὶ
719 1965 802 2003 μάλα,
834 1967 854 1994 ὦ
879 1965 1023 2003 Σώκρατες,

230 2006 309 2035 τοῦτο’
330 2019 360 2046 γε
379 2006 514 2050 σφόδρα
500 2012 649 2044 υπισχνεῖτο
668 2020 780 2058 παντων,Ὶ
791 2009 919 2057 διαφέρειν
938 2006 1023 2039 αὐτός.

230 2055 285 2077 ΣΩ,
306 2049 349 2085 Νὴ
369 2051 431 2082 Δία,
455 2051 475 2078 ὠ
491 2052 560 2087 μέλε
588 2049 603 2085 ἢ
625 2049 707 2081 ουδείς
723 2063 740 2089 γ
764 2063 796 2078 αν
814 2049 882 2087 αυτῷ
900 2051 1024 2088 διελέγετο

230 2096 243 2109 *
262 2090 347 2123 διδοὺς
363 2091 431 2120 πολὺ
450 2104 580 2131 αργυριον,
598 2095 675 2129 εἴπῃ
693 2104 754 2124 τους
769 2091 894 2123 συνόντας
910 2093 1023 2125 ἔπειθεν,

230 2132 270 2162 ὅτι
291 2134 335 2162 καὶ
355 2133 385 2162 τὸ
406 2136 499 2171 μέλλον
521 2135 637 2163 ἔσεσθαί
651 2147 679 2163 τε
696 2135 740 2163 καὶ
758 2134 842 2167 δόξειν
859 2133 918 2163 οὔτε
934 2133 1025 2172 μάντις

230 2174 289 2205 οὔτε
314 2187 352 2208 τις
379 2174 456 2208 ἄλλος
482 2175 587 2214 ἄμεινον
611 2179 716 2215 κρίνειεν
742 2176 774 2205 ὁῖν
798 2176 814 2213 ἢ
841 2175 920 2208 αὐτὸς
947 2175 1023 2213 αὖτῴ.

230 2223 310 2247 ΘΕΟ.
328 2220 517 2254 Λληθέστατα.
560 2224 616 2247 ΣΩ
637 2218 737 2248 Οὐκοῦν
758 2220 801 2247 καὶ
819 2220 846 2247 αἶ
864 2221 1024 2256 νομοθεσίαι

228 2261 272 2289 καὶ
289 2260 319 2289 τὸ
338 2258 466 2298 ὠφέλιμον
480 2262 539 2299 περὶ
553 2261 584 2290 τὸ
598 2264 690 2299 μέλλον
705 2263 766 2294 ἐστί,
785 2262 828 2290 καὶ
842 2262 894 2293 πᾶς
909 2260 942 2289 ἂν
956 2273 1021 2299 ομο-

229 2306 306 2341 λογοῖ
330 2306 558 2340 νομοθετουμένην
581 2303 658 2332 πόλιν
679 2303 803 2335 πολλακις
824 2302 938 2342 ἇναγκην
959 2308 1024 2331 εἶναι

228 2357 274 2373 του
302 2343 502 2382 ὠφελιμωτάτου
527 2344 728 2384 ἇποτυγχοῖνεινς
773 2351 852 2374 ΘΕΟ
875 2345 959 2374 Μάλα
984 2358 1022 2384 γε.

228 2392 283 2415 ΣΩ.
302 2389 423 2425 Μετρίως
445 2386 497 2425 α’ρα
517 2386 577 2425 ἡμῖν
597 2388 664 2426 πρὸς
680 2388 726 2417 τὸν
744 2387 900 2417 διδασκαλόν
918 2400 967 2416 σου
985 2388 1021 2416 εἶ-

228 2429 346 2479 ρήσεται,
369 2428 410 2458 ὅτι
432 2428 531 2469 ἀνάγκη
550 2436 554 2450 ¹
574 2428 643 2467 αὐτῷ
666 2429 804 2469 ομολογεῖν
826 2429 978 2482 σοφώτερόν
995 2443 1021 2458 τε

228 2470 306 2500 ἄλλον
329 2470 408 2500 α’λλου
429 2477 494 2500 εἶναι
515 2473 558 2500 καῖ
576 2472 622 2501 τὸν
637 2475 685 2510 μὲν
701 2474 821 2502 τοιοῦτον
836 2475 932 2510 μέτρον
948 2477 1021 2506 εἰναι,

227 2515 284 2552 ἐμοὶ
305 2514 332 2542 δὲ
353 2514 389 2551 τῷ
412 2512 596 2552 ανεπιο-τήμονι
611 2516 675 2564 μηδὲ
693 2514 835 2547 οπωςτιοῦν
854 2513 966 2553 ἀνάγκην
984 2514 1020 2543 εἷ-

226 2568 269 2585 ναι
288 2558 372 2594 μέτρῳ
392 2558 548 2595 γίγνεσθαι,
576 2556 610 2589 ὦς
632 2556 690 2595 ἄρτι
709 2569 741 2595 με
763 2556 903 2596 ἦναγκαζεν
925 2569 939 2585 ο
956 2555 1022 2596 υπὲρ

227 2600 322 2628 ἐκείνου
343 2598 434 2637 λόγος,
456 2597 500 2627 εἶτ’
522 2598 664 2640 ἐβουλόμην
680 2602 729 2628 εἴτε
746 2599 788 2637 μή,
812 2600 932 2629 τοιοῦτον
949 2597 1021 2628 εἶναι.

226 2646 306 2669 ΘΕΟ.
322 2639 417 2679 Ἐκείνῃ
432 2653 479 2679 μοι
496 2642 573 2674 δοκεῖ,
593 2642 613 2670 ὦ
627 2640 771 2680 Σωκρατες,
788 2641 902 2683 μαλιστα
918 2640 1020 2672 ἁλίσκε-

226 2687 296 2711 σθαι
314 2696 328 2712 ο
347 2682 433 2722 λόγος,
453 2682 624 2726 ἁλισκόμενος
638 2685 682 2712 καὶ
698 2697 788 2721 ταυτῃ,
806 2685 823 2721 ,ἡ
840 2683 888 2715 τὰς
904 2685 956 2713 τῶν
974 2684 1019 2714 ἆλ-

225 2728 275 2754 λων
293 2725 372 2758 δόξας
388 2728 476 2764 κυρίας
492 2730 570 2760 ποιεῖ,
590 2727 667 2755 αὑται
685 2728 712 2755 δὲ
730 2726 863 2764 ἐφάνησαν
880 2726 942 2758 τοὺς
956 2730 1018 2756 ἐκεί-

906 201 1200 229 PLATONIS

1076 294 1123 310 νου
1144 281 1238 323 λόγους
1260 280 1361 318 οὐδαμῇ
1379 280 1487 317 ἀληθεῖς
1503 281 1650 332 ἡγούμεναι.
1693 287 1748 310 ΣΩ.
1769 288 1772 302 ¹
1791 285 1865 310 Πολ-

1076 325 1154 372 λαχῇ,
1173 325 1193 352 ὦ
1213 323 1341 360 Θεόδωρε,
1359 325 1402 351 καὶ
1421 323 1484 361 ἄλλη
1503 324 1534 353 ιῖν
1551 324 1582 353 τό
1599 337 1628 363 γε
1646 325 1767 352 τοιοῦτον
1785 322 1865 360 ἁλοίη,

1075 366 1109 403 μὴ
1136 367 1227 394 πᾶσαν
1251 365 1350 396 παντὸς
1376 364 1464 401 ἀληθῆ
1491 365 1571 399 δόξαν
1596 371 1671 395 abac·
1700 378 1760 418 περι
1781 366 1809 394 δὲ
1836 366 1865 394 τὸ

1076 408 1163 445 παρὸν
1177 406 1277 444 §uoto-tq)
1291 406 1392 440 πάθος,
1407 411 1433 440 ἐξ
1447 409 1483 436 ὠν
1498 410 1525 436 αῖ
1543 408 1684 444 αἰσθησεις
1698 409 1742 436 καὶ
1760 408 1788 436 αἱ
1801 408 1866 436 κατὰ

1077 450 1172 481 ταύτας
1194 449 1268 481 δόξαι
1287 451 1430 488 γίγνονται,
1456 450 1637 488 χαλεπώτερον
1663 452 1738 482 ἑλεῖν,
1766 448 1800 481 ὦς
1821 448 1867 478 οῦκ

1078 490 1193 527 ἀληθεῖς.
1221 495 1282 522 ἴσως
1303 492 1331 519 δὲ
1353 490 1427 520 οὐδὲν
1448 494 1523 530 λέγω·
1548 491 1675 521 ἀνάλωτοι
1691 491 1750 530 γάρ,
1769 491 1792 519 εἰ
1810 493 1865 520 ἔτυ-

1074 546 1134 568 χον,
1161 534 1223 566 εἰσί,
1249 534 1293 561 καὶ
1315 534 1341 561 οἱ
1361 533 1506 570 φάσκοντες
1528 533 1608 566 αὐτὰς
1630 537 1743 572 ἐναργεῖς
1759 545 1786 561 τε
1804 532 1868 562 εἶναι

1076 588 1117 603 και
1141 574 1283 625 ἐπιστημας
1303 574 1371 611 τάχα
1394 575 1426 603 ἂν
1448 575 1511 604 όντα
1532 579 1641 614 λέγοιεν,
1663 588 1707 604 και
1729 577 1868 624 Θεαίτητος

1077 618 1120 645 οδε
1143 616 1189 646 οῦκ
1212 616 1265 645 α’πο
1288 619 1390 646 σκοποῦ
1407 621 1516 669 εἴρηκεν
1522 621 1651 653 αι’σθησιν
1667 618 1711 646 καὶ
1729 617 1867 669 ἐπιστήμην

1076 658 1171 688 ταυτὸν
1187 662 1306 707 θέμενος.
1333 662 1467 697 προςιτέον
1485 661 1531 688 οὖν
1549 663 1680 698 εγγυτέρω,
1701 666 1705 680 ¹
1724 658 1758 690 ὡς
1773 657 1787 687 ὁ
1802 659 1866 697 υπὲρ

1075 701 1257 753 Πρωταγόρου
1274 700 1352 754 λόγος
1370 703 1501 734 ἐπέταττε,
1523 703 1566 730 καὶ
1584 704 1708 730 σκεπτέον
1724 701 1770 737 τὴν
1786 713 1866 739 φερο-

1074 746 1150 780 μένην
1167 744 1261 778 ταύτην
1279 742 1372 772 οὐσίαν
1389 743 1571 784 διακρουοντα,
1596 746 1645 772 εἴτε
1662 742 1731 781 υγιὲς
1747 746 1796 771 εἴτε
1815 755 1864 771 σα-

1076 785 1147 823 θρὸν
1168 788 1322 823 φθέγγεται
1350 798 1420 823 μαχη
1443 783 1467 813 δ’
1489 798 1535 814 ουν
1555 798 1614 823 περι
1636 784 1713 821 αὖτης
1735 784 1766 814 οὗ
1783 784 1868 838 φαύλη

1077 825 1132 855 ουδ’
1155 826 1251 872 ὀλίγοις
1271 829 1369 865 γέγονε.
1412 834 1516 855 XXVII.
1539 832 1619 856 ΘΕΟ.
1641 828 1748 856 Πολλοῦ
1770 828 1814 855 καὶ
1831 828 1870 855 δεῖ

1076 868 1160 905 φαυλη
1178 874 1254 901 εἶναι,
1282 868 1347 896 αλλὰ
1364 881 1422 906 περι
1436 872 1486 906 μὲν
1502 869 1548 905 τὴν
1563 868 1661 897 Iwu'oev
1677 870 1721 897 καὶ
1738 870 1869 898 ἐπιδίδωσι

1076 910 1208 959 πάμπολυ.
1236 912 1262 940 οἳ
1282 910 1334 949 γὰρ
1356 912 1403 939 τοῦ
1418 909 1585 949 ίΗρακλείτου
1607 913 1706 949 ἑταῖροι
1724 912 1869 952 χορηγοῦσι

1076 965 1171 981 τουτου
1188 954 1235 981 τοῦ
1251 952 1332 991 λόγου
1348 952 1419 990 μαλα
1442 956 1592 1005 ἐρρωμένως.
1636 958 1691 981 ΣΩ.
1711 954 1752 990 Τῷ
1773 965 1826 986 τοι,
1848 953 1869 981 ὦ

1076 997 1132 1031 φίλε
1152 994 1281 1033 Θεόδωρε,
1301 996 1401 1032 μᾶλλον
1419 1007 1543 1024 σκεπτεον
1560 996 1603 1023 καὶ
1625 998 1652 1027 ἐξ
1674 994 1763 1033 ἀρχῆς,
1786 995 1868 1036 ὥςπερ

1077 1036 1153 1066 αυτοὶ
1182 1044 1185 1057 ¹
1212 1036 1399 1065 ῦποτείνονται.
1449 1042 1528 1066 ΘΕΟ.
1554 1037 1718 1066 Πανταπασι
1741 1039 1788 1075 μὲν
1815 1037 1868 1065 οὐν.

1076 1081 1119 1107 καὶ
1126 1092 1195 1127 γαρ,
1214 1091 1234 1107 ω
1251 1078 1395 1117 Σώκρατες,
1413 1080 1473 1117 περὶ
1489 1079 1588 1108 τούτων
1603 1080 1654 1108 τῶν
1669 1078 1868 1128 ίΠρακλειτείωὶν,

1075 1120 1090 1156 ἢ
1108 1122 1191 1173 ὥςπερ
1209 1121 1242 1150 σὺ
1256 1124 1335 1160 λέγεις
1347 1120 1491 1159 Ὁμηρείων,
1509 1123 1553 1150 καὶ
1568 1123 1604 1150 ἔτι
1617 1123 1802 1159 παλαιοτέρων,
1821 1119 1868 1150 αὐ-

1076 1167 1132 1195 τοῖς
1151 1166 1198 1200 μὲν
1220 1167 1274 1195 τοῖς
1294 1164 1354 1201 περὶ
1375 1164 1420 1199 τὴν
1438 1163 1560 1200 Ἔφεσον,
1588 1164 1650 1192 ὅσοι
1666 1164 1870 1201 προςποιοῦνται

1077 1206 1192 1243 ἔμπειροι
1213 1210 1289 1238 εἰναι,
1318 1204 1393 1234 ουδὲν
1412 1207 1512 1243 μᾶλλον
1533 1205 1589 1235 οἶόν
1610 1218 1637 1234 τε
1659 1206 1829 1241 διαλεχθῆναι
1853 1204 1869 1240 ἦ

1076 1251 1132 1279 τοῖς
1154 1248 1302 1286 οἷστρώσιν.
1330 1246 1441 1283 ἀτεχνῶς
1460 1248 1512 1301 γὰρ
1534 1248 1600 1276 κατὰ
1623 1247 1656 1276 τὰ
1679 1247 1869 1286 συγγράμματα

1076 1292 1211 1327 φέρονται,
1229 1290 1259 1318 τὸ
1279 1288 1302 1317 δ
1320 1293 1445 1327 ἐπιμεῖναι
1464 1291 1505 1318 ἐπι
1521 1289 1590 1328 λόγῳ
1607 1291 1651 1318 καὶ
1669 1290 1810 1331 ἐρωτήματι
1826 1302 1870 1318 και

1075 1331 1185 1368 ἡσυχίως
1206 1336 1232 1360 ἐν
1251 1335 1322 1382 μέρει
1343 1330 1542 1370 ἀποκρίνασθαι
1565 1334 1609 1360 καὶ
1631 1335 1742 1370 ἐρέσθαι
1761 1333 1839 1382 ἡττον
1857 1336 1870 1349 *

1077 1373 1166 1406 αὐτοῖς
1184 1375 1218 1402 ὲνι
1235 1373 1251 1410 ἢ
1268 1374 1298 1402 τὸ
1318 1375 1406 1412 μηδὲν·
1432 1375 1532 1411 μᾶλλον
1549 1375 1576 1402 δὲ
1592 1373 1745 1412 ὗπερβαλλει
1761 1373 1791 1402 τὸ
1811 1371 1868 1402 οῦδ

1077 1415 1151 1445 ουδὲν
1176 1416 1243 1454 πρὸς
1268 1417 1298 1445 τὸ
1324 1417 1388 1454 μηδὲ
1414 1417 1522 1454 σμικρὸν
1548 1420 1640 1445 ἐνεῖναι
1665 1420 1721 1448 τοῖς
1747 1414 1871 1454 ἆνδρασιν

1075 1457 1194 1510 ησυχίας·
1223 1456 1275 1486 ἀλλ’
1293 1457 1325 1487 dlv
1342 1471 1398 1487 τινα
1417 1471 1440 1487 τι
1455 1459 1512 1496 ἔρῃ,
1531 1459 1614 1497 ὥςπερ
1633 1462 1659 1487 ἐκ
1678 1461 1808 1496 φαρέτρας
1822 1471 1868 1497 ρη-

1074 1503 1198 1540 ματίσκια
1218 1500 1390 1540 αἰνιγματώδη
1409 1499 1576 1534 ἀνασπῶντες
1597 1500 1800 1534 ἇποτοξεῦουσι,
1822 1499 1870 1529 κᾶν

1076 1557 1171 1573 τουτου
1188 1545 1262 1582 ζητης
1278 1544 1358 1583 λόγον
1374 1545 1472 1581 λαβεῖν,
1491 1547 1517 1573 τί
1532 1547 1638 1582 εἴρηκεν,
1656 1546 1731 1582 ετέρω
1748 1543 1869 1579 πεπλήξει

1076 1588 1168 1618 καινῶς
1191 1589 1425 1624 μετωνομασμένῳ,
1452 1590 1571 1625 περανεῖς
1597 1588 1624 1615 δὲ
1651 1570 1774 1615 ουδὲποτε
1796 1584 1870 1614 ουδὲν

1075 1629 1143 1667 πρὸς
1160 1627 1252 1658 ουδὲνα
1270 1629 1364 1658 αὐτῶν·
1384 1628 1445 1657 οὐδέ
1459 1641 1489 1667 γε
1507 1633 1597 1658 ἐκεῖνοι
1616 1627 1690 1658 αὐτοὶ
1707 1629 1774 1666 πρὸς
1792 1626 1868 1675 ἀλλη-

1076 1674 1147 1704 λους,
1171 1669 1223 1699 ἀλλ
1244 1683 1272 1699 ευ
1293 1683 1363 1699 πανυ
1383 1670 1544 1720 φυλάττουσι
1560 1671 1591 1700 τὸ
1595 1672 1687 1720 μηδὲν
1704 1672 1808 1708 βέβαιον
1826 1671 1870 1698 ε’ἇν

1076 1712 1141 1742 εῖναι
1159 1720 1163 1734 ¹
1180 1711 1236 1751 μήτ
1254 1717 1281 1742 ἐν
1297 1713 1365 1752 λόγῳ
1381 1711 1437 1751 μήτ’
1457 1717 1483 1741 ἐν
1499 1717 1557 1745 ταῖς
1571 1712 1656 1742 αὗτῶν
1669 1716 1773 1751 ψυχαῖς,
1788 1711 1868 1751 ἦγου-

1074 1768 1159 1805 μενοι,
1178 1755 1212 1787 ὦς
1230 1757 1286 1793 ἐμοι
1304 1757 1386 1788 δοκεῖ,
1409 1754 1473 1784 αυτὸ
1493 1768 1623 1792 στασιμον
1639 1753 1714 1783 εἶναι·
1741 1767 1825 1792 τουτῳ
1843 1755 1870 1782 δὲ

1075 1811 1144 1827 πανυ
1161 1799 1317 1835 πολεμοῦσι,
1335 1799 1378 1826 καὶ
1395 1795 1459 1826 καθ
1477 1798 1543 1826 οσον
1560 1797 1681 1826 δύνανται
1697 1783 1870 1832 πανταχόθεν

1076 1839 1248 1877 ἐκβάλλουσιν.
1292 1845 1347 1868 ΣΩ,
1370 1838 1457 1873 Ἴσως,
1484 1840 1504 1868 ὤ
1532 1839 1661 1878 Θεόδωρε.
1687 1850 1749 1871 τους
1775 1838 1870 1877 ἄνδρας

1074 1885 1236 1920 μαχομένους
1262 1881 1388 1920 ἑώρακας,
1415 1881 1574 1931 εἰρηνεύουσι
1596 1883 1622 1910 δὲ
1645 1894 1676 1910 ου
1699 1883 1868 1920 οιηνγέγονας·

1076 1923 1107 1953 οῦ
1123 1937 1175 1963 γαρ
1194 1937 1238 1953 σοι
1255 1926 1355 1962 ἑταῖροί
1367 1924 1440 1953 εἰσιν.
1465 1922 1526 1957 αλλ,
1546 1922 1626 1962 οἶμαι,
1643 1924 1676 1952 τα
1691 1924 1800 1952 τοιαῦτα
1814 1926 1870 1954 τοῖς

1073 1970 1210 2005 μαθηταῖς
1236 1967 1277 1995 ἐπι
1303 1968 1397 2002 σχολῆς
1421 1965 1576 2004 φραζουσιν,
1604 1977 1649 1998 ους
1675 1965 1707 1995 ἂν
1729 1964 1870 2003 βουλωνται

1075 2008 1182 2047 ὁμοίους
1200 2007 1289 2040 αυτοῖς
1305 2021 1421 2044 ποιησαι.
1466 2014 1546 2037 ΘΕΟ.
1563 2010 1660 2040 Ποίοις
1674 2011 1822 2046 μαθηταῖς,
1849 2001 1871 2035 ‘23

1075 2050 1202 2089 δαιμονιες
1230 2049 1289 2080 ουδὲ
1314 2053 1429 2101 γίγνεται
1454 2052 1505 2079 τῶν
1530 2050 1656 2080 τοιούτων
1677 2051 1763 2100 ἕτερος
1782 2051 1870 2088 ἑτέρου

1073 2093 1208 2131 μαθητης,
1236 2099 1240 2114 ¹
1269 2091 1321 2121 ἀλλ’
1344 2091 1488 2141 αὐτόματοι
1510 2091 1683 2130 αναφύονται,
1710 2091 1816 2121 οπόθεν
1838 2090 1870 2120 ἂν

1074 2148 1138 2173 τυχη
1160 2136 1269 2167 ἕκαστος
1290 2134 1374 2164 αὐτῶν
1396 2134 1588 2168 ἑνθουσιιὶσας,
1613 2135 1658 2163 καὶ
1678 2134 1725 2163 τὸν
1747 2146 1833 2172 ετερον
1854 2132 1868 2162 ὁ

1075 2178 1178 2219 ἔτερος
1182 2176 1256 2206 οὐδὲν
1276 2176 1375 2216 ἡγεῖται
1396 2177 1496 2206 εἰδέναι.
1524 2177 1597 2215 παρὰ
1622 2179 1670 2215 μὲν
1696 2189 1742 2206 ουν
1763 2175 1868 2209 τούτων,

1075 2221 1139 2258 ὅπερ
1161 2232 1197 2258 ῃα
1219 2221 1294 2269 ερών,
1318 2218 1364 2248 οὐκ
1383 2218 1416 2248 ἇν
1433 2231 1497 2248 ποτε
1514 2219 1604 2256 λάβοις
1620 2218 1701 2258 λόγον
1718 2217 1778 2248 ου’τε
1795 2217 1867 2247 ἑκόν-

1073 2275 1124 2291 των
1146 2274 1205 2291 ουτε
1228 2260 1352 2290 ἀκόντων·
1382 2260 1476 2293 αυτούς
1497 2263 1524 2290 δὲ
1546 2263 1585 2290 δεῖ
1601 2260 1803 2299 παραλαβόντας
1819 2261 1868 2292 ὦς-

1073 2317 1122 2343 περ
1143 2303 1280 2342 πρόβλημα
1304 2307 1518 2333 ἐπισκοπεῖσθαι.
1562 2309 1617 2332 ΣΩ.
1640 2304 1696 2332 Καὶ
1715 2304 1823 2341 μετρίως
1838 2314 1868 2341 γε

1073 2349 1160 2398 λεγεις
1185 2345 1217 2375 τό
1233 2358 1264 2385 γε
1282 2347 1311 2382 δὴ
1329 2345 1466 2384 πρόβλημα
1485 2345 1547 2374 α’λλο
1565 2358 1590 2374 τι
1606 2345 1800 2399 παρειλήφαμεν
1813 2357 1867 2373 πα-

1073 2389 1107 2427 ρὰ
1127 2391 1174 2427 μὲν
1195 2390 1246 2417 τῶν
1268 2387 1393 2426 ἀρχαίων,
1413 2387 1479 2438 μετὰ
1500 2387 1630 2424 ποιήσεως
1647 2389 1869 2437 ἐπικρυπτομένων

1073 2431 1134 2463 τοὺς
1160 2438 1164 2452 ¹
1191 2430 1317 2463 πολλούς,
1351 2429 1386 2462 ὦς
1415 2433 1555 2469 ηγένεσις
1580 2430 1631 2459 τῶν
1657 2429 1740 2458 ἄλλων
1765 2441 1870 2458 παντων

1070 2472 1193 2505 Ὠκεανός
1217 2485 1245 2502 τε
1271 2485 1314 2501 και
1336 2473 1428 2509 Τηθὺς
1448 2472 1566 2524 ρεύματα
1584 2484 1704 2511 τυγχανει
1724 2472 1768 2500 καὶ
1795 2470 1869 2500 οὐδὲν

1073 2517 1173 2552 ἕστηκε,
1195 2515 1268 2553 παρὰ
1287 2516 1314 2543 δὲ
1331 2516 1382 2544 τῶν
1398 2514 1524 2567 υστέρων,
1548 2513 1592 2543 ἅτε
1610 2516 1778 2563 σοφωτέρων,
1801 2511 1866 2542 ἀνα-

1072 2557 1173 2595 φανδὸν
1191 2556 1421 2595 ἀποδεικνυμένων,
1443 2560 1485 2585 ι’να
1502 2558 1546 2586 καὶ
1564 2557 1590 2585 οἳ
1608 2556 1766 2594 σκυτοτόμοι
1783 2554 1868 2584 αυτῶν

1071 2600 1117 2636 τὴν
1138 2602 1235 2637 σοφίαν
1254 2599 1382 2637 μάθωσιν
1404 2598 1562 2631 ἀκούσαντες
1582 2600 1626 2627 καὶ
1642 2598 1796 2628 παύσωνται
1811 2596 1865 2634 ἠλι-

1073 2644 1142 2674 θίως
1163 2641 1278 2680 οἷόμενοι
1299 2642 1332 2670 τὰ
1353 2645 1401 2680 μὲν
1422 2641 1540 2674 ἑστάναι,
1567 2640 1600 2670 τὰ
1623 2642 1650 2670 δὲ
1667 2644 1801 2670 κινεῖσθαι
1817 2640 1868 2669 τῶν

1072 2684 1164 2718 όντων,
1186 2683 1322 2722 μαθόντες
1344 2683 1368 2712 δ’
1390 2685 1431 2713 ὅτι
1451 2682 1538 2712 πάντα
1559 2687 1664 2712 κινεῖται
1686 2684 1794 2722 τιμῶσιν
1817 2680 1866 2711 αὗ-

1071 2739 1143 2761 τους,·
1162 2725 1252 2766 ολίγου
1269 2728 1296 2755 δὲ
1314 2726 1490 2765 ἐπελαθόμην,
1509 2739 1529 2755 ω
1546 2725 1671 2765 Θεόδωρε,
1690 2726 1730 2755 ὅτι
1746 2724 1819 2754 α’λλοι
1834 2737 1867 2753 αν

1882 1379 1898 1463 Ι

1892 290 1909 310 0

1895 1337 1930 1356 180

1914 2093 1947 2105 l-
1970 2101 1971 2110 ¹

1894 2434 1912 2453 D

1945 2892 1954 3084 ...ν’-,Ἠ
1949 2822 1956 2880 -0--.
