1998 3084
182 1203 205 1221 97

231 153 263 180 36

233 243 294 269 μην,
313 230 348 263 ὥς
362 242 393 269 γε
411 230 511 268 ἐμαυτῷ
528 231 571 258 καὶ
588 233 643 261 τοῖς
661 228 747 262 ὂίλλοις
765 230 878 264 ἐδόκουν,
896 231 955 261 τότε
972 230 1024 260 ὖπὸ

234 284 328 309 ταυτης
348 273 392 308 τῆς
413 275 527 325 σκέψεως
549 272 615 300 οὕτω
643 272 746 322 σφόδρα
765 273 938 323 Ιἐτυφλώθην,
966 274 1026 305 ὥςτε

235 314 378 352 ἀπέμαθον
398 327 441 342 και
464 315 556 346 ταυτα,
580 326 597 341 α
618 314 670 351 πρὸ
692 316 739 342 τοῦ
757 314 826 352 ᾤμην
843 315 946 347 εἰδέναι,
968 317 1027 353 περὶ

236 356 318 385 α’λλων
342 368 370 385 τε
396 357 497 384 πολλῶν
522 357 565 383 καὶ
592 356 633 384 διὰ
659 358 685 384 τί
710 355 854 395 α’νθρωπος
881 356 1026 390 αὖξανεται.

234 400 312 428 τοῦτο
333 398 385 436 γὰρ
407 397 476 435 ᾤμην
497 397 549 435 πρὸ
571 399 618 426 του
639 399 717 426 παντὶ
735 400 811 434 δῆλον
828 398 903 432 εἶναι,
927 400 967 428 ὅτι
985 399 1026 428 διὰ

234 440 264 469 τὸ
288 441 389 468 ἐσθίειν
409 440 453 467 καὶ
474 441 565 468 πίνειν·
594 440 696 468 ἐπειδὰν
716 440 768 479 γὰρ
792 447 795 462 ¹
820 445 846 469 ἐκ
867 442 918 470 τῶν
940 443 1027 470 σιτίων

234 486 291 514 ταῖς
309 484 357 519 μὲν
379 482 456 519 σαρξὶ
478 480 572 519 σάρκες
592 484 793 520 προςγὲνωνται,
816 487 871 515 τοῖς
893 485 919 511 δὲ
937 482 1027 515 ὀστοῖς

235 523 319 573 ὀστᾶ,
330 524 373 551 καὶ
390 524 458 552 οὕτω
475 523 542 552 κατὰ
560 523 606 552 τὸν
624 522 704 552 αὐτὸν
720 524 800 563 λόγον
814 526 857 553 καὶ
872 529 926 557 τοῖς
942 524 1027 556 ἄλλοις

234 566 266 594 τὰ
289 564 374 593 αὐτῶν
395 565 477 594 οἰκεῖα
500 565 619 597 ἑκαστοις
639 569 819 605 προςγένηται,
846 567 905 596 τότε
928 567 957 602 δὴ
981 567 1026 595 τὸν

234 606 322 646 ὀλίγον
339 606 419 645 ο’γκον
437 606 500 636 ο’ντα
517 620 627 658 υστερρν
644 609 726 637 πολὺν
741 612 882 648 γεγονέναι,
900 622 944 637 και
959 610 1025 637 ουίω

233 651 375 688 γίγνεσθαι
395 649 442 678 τὸν
463 649 572 688 σμικρὸν
594 649 740 687 α’νθρωπον
759 654 848 690 μέγαν.
876 652 943 680 ουτω
967 650 1026 679 τότε

234 691 314 728 ᾤμην·
342 689 374 720 οὗ
396 692 463 720 δοκῶ
486 704 530 720 σοι
549 694 668 744 μετρίωςς
693 692 807 732 Ἐμοιγε,
832 695 878 729 ἔφη
901 706 915 721 ο
934 694 1025 729 Κέβης.

233 736 336 771 Σκέψαι
357 733 387 769 δὴ
408 734 452 762 καὶ
473 733 560 762 ταδε’
552 736 604 762 ε’τι.
622 733 691 783 ᾤμην
707 735 758 773 γὰρ
777 736 856 774 ἔγωγε
874 736 966 766 ἱκανῶς
981 747 1027 772 μοι

234 777 325 808 δοκεῖν,
345 774 425 804 ὁπότε
443 787 480 807 τις
496 777 616 812 φαίνοιτο
636 775 781 814 ἅνθρωπος
793 777 933 815 παραστὰς
945 779 1026 828 μέγας

234 818 343 856 σμικρῷ,
364 819 454 855 μείζων
470 817 535 846 εἶναι
553 816 617 855 αὐτῇ
635 820 666 855 τῇ
684 820 793 856 κεφαλῇ,
820 820 864 847 καὶ
884 821 965 850 ι’ππος
981 821 1024 846 ἱπ-

233 870 296 888 που·
323 860 367 888 καὶ
390 861 426 888 ἔτι
445 866 449 880 ¹
467 872 497 898 γε
518 859 617 888 τούτων
640 864 822 899 ἐναργέστερα,
845 861 877 889 τὰ
901 862 960 889 δέκα
981 873 1026 898 μοι

234 900 316 930 ἐδόκει
341 903 393 930 τῶν
418 900 484 930 ὀκτώ
510 904 616 931 πλείονα
642 901 706 930 εἶναι
733 903 774 930 διὰ
801 903 830 931 τὸ
859 902 905 931 δύο
939 901 1026 934 αὐτοῖς

233 947 376 981 προςεῖναι,
403 945 447 972 καὶ
470 943 500 972 τὸ
523 945 615 980 δίπηχυ
635 946 682 972 τοῦ
703 947 832 980 πηχυαίου
853 947 939 982 μεῖζον
962 943 1026 973 εἶναι

234 985 276 1014 διὰ
297 985 328 1014 τὸ
350 984 434 1024 ἡμίσει
457 984 538 1014 αὐτοῦ
558 985 696 1038 ὑπερέχειν
742 988 800 1015 Νῦν
822 988 849 1015 δὲ
871 986 912 1022 δή,
941 987 988 1023 ἔφη
1010 985 1025 1015 ὅ

233 1028 325 1065 Κέβης,
343 1029 369 1056 τί
385 1040 428 1056 σοι
446 1029 516 1056 δοκεῖ
532 1029 591 1065 περὶ
609 1027 705 1062 αὖτῶνς
727 1028 826 1068 Πόρῥω
843 1041 903 1061 που,
923 1030 1026 1079 ὲφη,νη

235 1069 277 1098 Δί’
295 1072 338 1108 ἐμὲ
355 1069 420 1099 εἶναι
436 1071 483 1098 τοῦ
502 1073 612 1099 οἴεσθαι
627 1071 687 1108 περὶ
705 1070 802 1099 τούτων
820 1083 867 1099 του
881 1070 926 1106 τὴν
941 1071 1026 1098 αἰτίαν

233 1112 333 1145 εἰδέναι,
352 1112 382 1144 ὅς
397 1124 427 1150 γε
445 1110 491 1141 οὐκ
510 1110 672 1150 ἀποδέχομαι
689 1113 800 1150 ἑμαυτοῦ
819 1112 878 1142 οὐδὲ
895 1112 936 1145 ὦς,
956 1116 1023 1141 ἐπει-

234 1154 282 1182 δὰν
299 1156 336 1182 ἑνί
352 1165 389 1186 τις
405 1155 513 1192 προςθῇ
531 1155 568 1186 ἕν,
590 1153 606 1190 ἣ
623 1154 653 1183 τὸ
673 1167 698 1183 εν
715 1157 734 1192 ᾡ
751 1158 898 1193 προςετέθη
916 1153 962 1183 δύο
980 1157 1023 1193 γε’-

231 1208 319 1234 γονεν,
345 1195 361 1231 ἣ
383 1195 413 1224 τὸ
431 1199 582 1249 προς-τεθὲν
602 1198 645 1224 καὶ
668 1198 687 1234 ᾡ
708 1200 855 1235 προςετέθη
877 1201 889 1214 *
912 1197 953 1225 διὰ
980 1196 1025 1232 τὴν

232 1237 379 1276 πρόςθεσιν
395 1239 442 1267 τοῦ
460 1240 547 1276 ἑτέρου
564 1240 599 1276 τῷ
616 1241 701 1288 ἑτέρῳ,
710 1238 756 1268 δύο
775 1242 829 1278 ἐγέν
831 1249 884 1268 ετο’
914 1238 1022 1275 θαυμά-

233 1282 265 1313 ζω
281 1279 346 1333 γάρ,
359 1280 390 1313 εἶ,
409 1280 452 1309 ὅτε
467 1283 515 1322 μὲν
532 1280 666 1333 ἑκάτερον
671 1279 755 1310 αὐτῶν
766 1282 845 1319 χωρις
860 1279 972 1317 ἀλλήλων
986 1282 1023 1316 ἡν,

233 1323 258 1350 ἓν
276 1320 315 1360 ἄρ’
332 1321 454 1360 ἑκάτερον
470 1324 501 1358 ἠν
521 1323 565 1351 καὶ
587 1322 633 1351 οὐκ
655 1322 736 1373 η’στην
757 1323 816 1352 τότε
838 1322 897 1356 δύο,
921 1324 976 1351 επεὶ
998 1321 1022 1350 δ

232 1366 393 1400 ἐπλησίασαν
415 1363 541 1400 ἀλλήλοις,
565 1377 629 1401 αυτη
652 1364 703 1403 ἄρα
726 1365 796 1393 αἰτία
818 1363 907 1396 αὐτοῖς
925 1368 1022 1403 ἐγένετο

232 1408 304 1435 δυοῖν
318 1409 459 1445 γενέσθαι,
480 1405 496 1442 ἦ
518 1406 626 1439 ξυνοδος
647 1408 693 1436 τοῦ
715 1409 825 1443 πλησίον
848 1406 960 1443 ἀλλήλων
981 1419 1022 1436 τε-

234 1449 321 1484 θῆναι.
348 1447 408 1477 οὗδέ
423 1461 453 1487 γε
471 1447 511 1498 ὦς,
531 1448 576 1477 ἑαν
592 1461 630 1481 τις
652 1450 677 1478 ἓν
698 1450 832 1487 διασχίσῃ,
856 1449 966 1486 δύναμαι
989 1450 1024 1477 ἔτι

230 1492 393 1524 πείθεσθαι,
416 1489 451 1523 ὦς
468 1491 532 1526 αὕτη
551 1492 584 1520 αὐ
602 1491 672 1520 αἰτία
689 1494 805 1530 γέγονεν,
828 1490 843 1527 ἦ
862 1494 958 1527 σχίσις,
976 1504 1024 1520 του

231 1532 277 1561 δύο
294 1535 438 1572 γεγονέναι·
462 1535 562 1561 ἐναντία
579 1533 631 1585 γὰρ
648 1535 762 1584 γίγνεται
778 1533 794 1569 ἢ
811 1533 870 1562 τότε
889 1534 959 1562 αἶτία
976 1533 1023 1562 τοῦ

231 1574 277 1604 δύο
298 1576 451 1614 γίγνεσθαι’
476 1581 480 1596 ¹
503 1574 563 1604 τότε
583 1578 630 1613 μὲν
646 1576 698 1614 γὰρ
716 1576 757 1604 ὅτι
774 1575 895 1614 ξυνήγετο
913 1578 1024 1612 πλησίον

231 1615 344 1653 αλλήλων
368 1617 412 1645 καὶ
437 1619 608 1655 προςετίθετο
636 1618 723 1656 ἕτερον
748 1620 836 1655 ἑτέρῳ,
863 1619 908 1646 νῦν
933 1616 958 1646 δ’
984 1618 1023 1646 ὅτι

232 1658 361 1698 ἄπαγεται
383 1660 427 1687 καὶ
447 1661 580 1698 χωρίζεται
604 1661 691 1698 ἕτερον
712 1659 756 1712 ἀφ’
777 1662 876 1698 ἑτέρου·
904 1658 965 1689 οὐδὲ
984 1672 1022 1699 γε,

231 1701 331 1730 διότι”
318 1714 343 1730 εν
363 1703 477 1740 γίγνεται
497 1700 532 1733 ὥς
553 1704 704 1739 επίσταμαι,
732 1704 768 1731 ἔτι
793 1704 881 1731 πείθω
904 1702 1022 1740 εμαυτόν,

231 1742 287 1772 οὗδ
306 1742 368 1772 ἄλλο
392 1742 466 1772 οὐδὲν
488 1745 523 1773 ἑνὶ
546 1743 614 1783 λόγῳ
633 1744 698 1773 διότι
715 1746 830 1783 γίγνεται
846 1744 862 1780 ἢ
881 1743 1023 1773 ἀπόλλυται

230 1785 245 1821 ἢ
264 1787 329 1819 ἔστι,
352 1786 418 1814 κατὰ
441 1787 535 1815 τοῦτον
552 1787 598 1815 τὸν
615 1785 715 1824 τρόπον
736 1788 780 1823 τῆς
800 1786 934 1824 μεθόδου,
958 1785 1023 1814 ἄλλα

231 1826 274 1856 τιν’
292 1827 371 1857 ἄλλον
387 1828 487 1865 τρόπον
505 1827 583 1860 αὐτὸς
600 1829 655 1866 εἰκῇ
676 1828 762 1867 φύρω,
785 1830 879 1858 τοῦτον
897 1830 924 1857 δὲ
942 1827 1021 1858 οὖδα-

229 1871 265 1907 μῇ
287 1872 430 1908 προςίεμαι.
473 1877 559 1899 XLVI.
581 1869 644 1899 Ἀλλ’
662 1869 777 1903 ἄκουσας
793 1874 839 1909 μέν
856 1883 920 1900 ποτε
939 1875 965 1899 ἐκ
984 1872 1021 1908 βι-

231 1914 303 1949 βλίου
323 1912 403 1946 τινός,
430 1911 464 1944 ὦς
486 1914 545 1963 ἔφη,
572 1912 760 1967 Ἀναξαγόρου
776 1912 1023 1952 ἀναγιγνώσκοντος,

230 1967 273 1982 και
290 1954 452 1993 λέγοντος,
435 1966 470 1987 ως
488 1961 492 1976 ¹
512 1954 563 1993 ἄρα
581 1967 642 1987 νους
660 1959 729 1984 ἐστιν
746 1954 760 1985 ὁ
778 1956 925 1993 διακοσμῶν
940 1968 966 1984 τε
981 1968 1024 1984 και

229 2009 334 2025 παντων
352 2000 440 2030 αἴτιος,
459 2010 540 2035 ταυτῃ
557 1996 604 2033 ηδη
622 1999 653 2035 τῇ
671 1998 740 2034 αἰτίᾳ
757 1998 848 2034 ἥσθην
865 2010 891 2026 τε
906 2011 950 2026 και
965 1999 1021 2027 ἰδο-

230 2041 258 2071 ξέ
272 2051 319 2077 μοι
336 2039 436 2077 τρόπον
452 2052 508 2068 τινα
526 2041 555 2068 εὐ
573 2041 637 2076 ἔχειν
654 2040 684 2069 τὸ
703 2040 749 2069 τὸν
766 2041 827 2069 νούν
841 2039 906 2069 εἶναι
920 2052 1025 2068 παντων

231 2084 325 2114 αἴτιον,
350 2082 394 2109 καὶ
416 2081 562 2121 ἡγησάμην,
587 2094 610 2110 ει
632 2081 711 2111 τοῦθ’
735 2094 817 2114 ουτως
840 2084 902 2118 ἔχει,
926 2081 972 2111 τόν
994 2095 1023 2121 γε

230 2124 291 2152 νοῦν
312 2125 461 2173 κοσμοῦντα
482 2137 568 2152 παντα
591 2128 698 2162 κοσμεῖν
720 2137 764 2153 και
790 2125 900 2153 ἕκαστον
921 2127 1024 2153 τιθεναι

230 2164 319 2203 ταύτη,
339 2166 392 2203 ὅπῃ
411 2164 443 2195 ἂν
460 2167 606 2203 βέλτιστα’
598 2178 653 2204 εχῃ·
681 2167 704 2195 εἷ
722 2179 768 2196 ουν
785 2178 823 2198 τις
840 2166 960 2204 βούλοιτο
978 2167 1024 2203 τὴν

231 2208 316 2236 αἰτίαν
332 2206 415 2246 ευρεῖν
430 2209 490 2246 περὶ
508 2207 626 2241 ἕκαστον,
646 2209 699 2246 ὅπῃ
716 2211 831 2259 γίγνεται
847 2208 863 2245 ἢ
882 2207 1024 2238 ἀπόλλυται

229 2249 245 2286 ἢ
263 2251 328 2283 ἔστι,
352 2251 429 2279 τοῦτο
449 2251 501 2279 δεῖν
517 2263 577 2288 περι
595 2250 675 2280 αυτοῦ
697 2251 791 2289 εὑρεῖν,
816 2251 869 2288 ὅπῃ
892 2252 1024 2288 βέλτιστον

231 2290 298 2329 αῧτῷ
321 2296 390 2321 ἐστιν
410 2291 426 2329 ἢ
447 2291 511 2321 εἶναι
531 2292 549 2329 ἢ
571 2292 632 2322 ἄλλο
655 2292 743 2322 ὁτιοῦν
763 2293 874 2329 πάσχειν
894 2292 910 2329 ἢ
927 2297 1021 2322 ποιεῖν’

230 2338 255 2362 ἐκ
274 2335 301 2362 δὲ
318 2334 347 2370 δὴ
362 2335 410 2363 τοῦ
425 2341 430 2356 ¹
446 2334 527 2373 λόγου
541 2334 636 2364 τούτου
651 2333 726 2364 οὐδὲν
741 2335 802 2364 ἄλλο
819 2339 927 2364 σκοπεῖν
941 2347 1020 2373 προς-

228 2375 296 2412 ήκειν
318 2374 453 2414 ανθρωπῳ
474 2378 518 2405 καὶ
539 2378 598 2415 περι
620 2376 700 2406 αὑτοῦ
722 2379 765 2406 καὶ
786 2379 845 2415 περῖ
863 2378 914 2406 τῶν
932 2377 1022 2411 ἄλλων,

230 2416 282 2446 ἀλλ’
298 2417 315 2454 ἢ
331 2418 362 2447 τὸ
382 2417 490 2456 ἄριστον
507 2420 551 2447 καὶ
567 2419 597 2448 τὸ
617 2420 756 2457 βέλτιστον
785 2419 928 2458 ἀναγκαῖον
943 2421 970 2449 δὲ
984 2419 1020 2449 εἷ-

228 2472 270 2488 ναι
291 2459 338 2489 τὸν
360 2459 440 2490 αυτὸν
456 2473 550 2490 τουτον
567 2462 611 2490 καὶ
627 2461 657 2490 τὸ
673 2465 762 2499 χεῖρον
779 2463 882 2491 εἰδέναι·
910 2461 956 2498 τὴν
973 2475 1020 2491 αυ-

227 2502 273 2538 τὴν
292 2502 344 2541 γὰρ
366 2501 431 2531 εἶναι
449 2502 589 2540 ἐπιστήμην
604 2504 664 2541 περὶ
682 2516 773 2532 αυτων.
799 2505 882 2533 ταῦτα
901 2505 930 2540 δὴ
947 2507 1019 2544 λογι-

227 2543 332 2582 ζόμενος
354 2544 466 2583 ἅσμενος
487 2544 617 2583 εὑρηκέναι
638 2544 708 2583 ᾠμην
729 2545 885 2575 διδασκαλον
906 2547 951 2583 τῆς
977 2547 1019 2575 αἶ-

227 2588 283 2619 τίας
298 2587 358 2625 περὶ
374 2587 425 2616 τῶν
442 2586 524 2616 όντων
541 2587 607 2616 κατὰ
629 2588 691 2616 νοῦν
713 2590 824 2626 ἐμαυτῷ,
847 2589 894 2617 τὸν
910 2592 1018 2622 Ἀναξα-

225 2627 320 2667 γόραν,
342 2631 387 2658 καί
404 2642 451 2667 μοι
472 2629 582 2667 φράσειν
603 2630 708 2667 πρῶτον
727 2633 785 2667 μὲν,
812 2630 926 2669 πότερον
948 2630 964 2667 ἡ
986 2632 1019 2670 γῆ

226 2671 336 2700 πλατεῖά
363 2675 432 2700 ἐστιν
456 2671 472 2707 ἢ
499 2671 657 2710 στρογγυλη,
685 2673 769 2707 ἐπειδὴ
796 2673 823 2701 δὲ
848 2685 984 2711 φρασειεν,
1014 2679 1018 2694 ¹

902 152 1195 179 PLATONIS

1077 231 1312 284 ἐπεκδιηγησεσθαι
1329 245 1374 268 την
1392 233 1477 262 αιτίαν
1493 245 1537 262 και
1553 231 1599 269 τὴν
1609 230 1740 275 ἇναγκην,
1758 235 1865 272 λέγοντα

1077 275 1106 303 τὸ
1131 274 1234 327 ‹ipat'vov
1256 275 1299 302 καὶ
1321 274 1361 302 ὅτι
1384 273 1462 310 αυτὴν
1485 274 1588 312 ἄμεινον
1605 276 1636 310 ἠν
1652 287 1773 310 τοιαυτην
1790 280 1864 304 εἰναι

1077 317 1120 345 καὶ
1137 317 1159 345 εἰ
1178 320 1203 344 ἐν
1218 319 1288 353 μέσῳ
1305 318 1369 365 φαίη
1386 315 1451 345 εἶναι
1469 315 1554 352 αὐτήν,
1572 316 1815 370 ἐπεκδιηγησεσθαι,
1834 316 1867 349 ὡς

1078 358 1182 396 α’μεινον
1205 359 1235 393 ἠν
1259 356 1338 394 αὐτὴν
1362 362 1388 386 ἐν
1408 361 1478 396 μέσῳ
1501 358 1576 387 εἶναι·
1604 360 1647 386 καὶ
1669 361 1697 386 εἴ
1713 371 1759 396 μοι
1784 360 1866 388 ταῦτα

1078 399 1264 437 ἇποφαινοιτο,
1287 412 1502 438 παρεσκευασμην
1521 405 1533 418 *
1551 412 1585 432 ως
1607 399 1689 429 οὐκέτι
1707 399 1864 449 ποθεσόμε-

1077 453 1121 474 νος
1143 442 1227 473 αἰτίας
1249 440 1311 470 αλλο
1333 441 1407 473 εἶδος.
1438 443 1482 470 καὶ
1504 442 1533 478 δὴ
1554 455 1598 470 και
1620 454 1679 480 περι
1701 441 1774 477 ἡλίου
1800 443 1867 471 οὕτω

1077 496 1300 522 παρεσκευασμην,
1319 482 1436 515 (δςαυτως
1453 483 1624 522 πευσόμενος,
1642 485 1685 512 καῖ
1703 483 1808 519 σεληνης
1824 485 1868 513 καὶ

1077 528 1127 554 τῶν
1150 525 1232 554 α’λλων
1255 525 1369 563 α’στρων,
1391 537 1487 561 ταχους
1508 538 1534 554 τε
1552 529 1610 563 πέρι
1626 525 1693 563 πρὸς
1711 524 1806 561 αλληλα
1824 527 1867 554 καὶ

1078 569 1181 606 τροπῶν
1202 580 1245 595 και
1266 568 1317 596 τῶν
1339 566 1421 596 ἄλλων
1441 567 1619 604 παθημάτων,
1646 568 1683 604 πῆ
1709 579 1774 596 ποτε
1796 567 1865 597 ταῦτ’

1078 609 1181 647 ἄμεινόν
1203 613 1271 638 ἐστιν
1293 610 1402 638 ἕκαστον
1423 610 1467 637 καὶ
1487 613 1571 659 ποιεῖν
1592 610 1636 637 καὶ
1652 621 1762 645 πασχειν
1780 622 1796 637 α
1813 622 1865 638 πα-

1077 664 1139 687 σχει.
1167 650 1198 680 οὗ
1215 651 1266 690 γὰρ
1285 650 1316 679 ἄν
1333 664 1397 680 ποτε
1417 650 1496 681 αὐτὸν
1513 650 1593 689 ᾤμην,
1615 650 1752 688 φάσκοντα
1768 664 1798 690 γε
1814 650 1866 681 ὕπὸ

1077 694 1123 722 νοῦ
1142 692 1208 722 αὐτὰ
1226 694 1416 731 κεκοσμησθαι,
1436 692 1513 742 ἄλλην
1530 692 1586 721 τινὰ
1605 691 1693 725 αὐτοῖς
1708 693 1792 722 αιτίαν
1807 697 1865 722 ἐπε-

1077 739 1173 774 νεγκεῖν
1189 735 1205 771 ἢ
1223 735 1263 763 ὅτι
1281 736 1416 784 βέλτιστρν
1430 734 1496 764 αυτά
1515 736 1596 766 οὕτως
1612 736 1675 770 ἔχειν
1691 737 1765 768 ἐστίν,
1784 735 1866 774 ὥςπερ

1078 779 1137 813 ἔχει·
1166 777 1265 814 ἑκάστῳ
1288 790 1334 805 ουν
1357 776 1437 806 αυτὸν
1456 784 1459 798 ¹
1480 776 1638 805 ἀποδιδόντα
1660 777 1705 812 τὴν
1723 777 1807 805 αἰτίαν
1823 779 1867 806 καὶ

1077 820 1148 856 κοινῇ
1170 820 1237 847 πᾶσι
1258 819 1288 848 τὸ
1311 819 1410 856 ἑκάστῳ
1433 819 1564 856 βέλτιστον
1587 818 1656 856 ᾡμην
1672 820 1714 847 καὶ
1732 819 1762 847 τὸ
1781 819 1867 849 κοινὸν

1076 862 1157 890 πᾶσιν
1180 860 1416 909 ἐπεκδιηγήσεσθαι
1439 860 1554 900 ἀγαθόν.
1581 862 1624 889 καὶ
1646 873 1693 890 ουκ
1715 860 1747 890 ἂν
1769 860 1865 891 ἀπεδό-

1075 916 1125 952 μην
1146 904 1244 931 πολλου
1266 902 1313 934 τὰς
1335 904 1449 936 ἐλπίδας,
1478 902 1541 931 ἄλλα
1565 902 1635 931 πάνυ
1658 903 1760 941 σπουδῇ
1782 904 1868 941 λαβων

1076 945 1122 976 τὰς
1145 946 1246 982 βίβλους
1268 944 1301 976 ὦς
1323 957 1433 994 ταχιστα
1456 943 1511 977 οἷός
1528 957 1542 973 τ
1564 946 1595 981 ἠν
1613 944 1812 984 ἆνεγιγνωσκον,
1835 944 1865 974 ι’ν’

1077 988 1110 1019 ὡς
1124 999 1235 1022 ταχιστα
1249 987 1340 1022 εἰδείην
1355 987 1384 1015 τὸ
1401 987 1533 1024 βέλτιστον
1546 1000 1590 1015 και
1604 987 1634 1016 τὸ
1647 991 1742 1025 χεῖρον.
1769 994 1866 1016 XLVII.

1076 1028 1138 1058 Ἀπὸ
1158 1029 1187 1064 δὴ
1206 1030 1374 1066 θαυμαστῆς,
1393 1025 1413 1057 ὦ
1431 1031 1526 1067 ἑταῖρε,
1550 1030 1651 1061 ἐλπίδος
1667 1028 1769 1067 ᾠχόμην
1785 1029 1865 1068 φερό-

1074 1082 1162 1109 μενος,
1190 1071 1275 1106 ἐπειδὴ
1296 1071 1395 1109 προϊὼν
1416 1072 1459 1100 καὶ
1482 1070 1680 1110 ἀναγιγνώσκων
1707 1071 1760 1110 ὁρῶ
1786 1071 1867 1110 ἄνδρα

1075 1115 1110 1150 τῴ
1127 1116 1173 1151 μὲν
1190 1115 1224 1150 atq}
1243 1112 1317 1142 οὐδὲν
1331 1113 1464 1151 χρώμενον
1482 1112 1541 1142 οὐδὲ
1558 1125 1628 1145 τινας
1646 1114 1729 1145 αἰτίας
1746 1113 1865 1143 ἐπαιτιώ-

1074 1168 1153 1193 μενον
1170 1156 1206 1187 εἷς
1223 1155 1252 1183 τὸ
1272 1156 1421 1193 διακοσμεῖν
1440 1162 1443 1176 ¹
1463 1155 1496 1184 τὰ
1513 1155 1668 1194 πράγματα,
1688 1154 1765 1194 ἇὲρας
1783 1157 1810 1185 δὲ
1823 1157 1868 1185 καὶ

1077 1198 1188 1235 αἰθέρας
1209 1199 1252 1225 καὶ
1273 1197 1356 1226 ὕδατα
1384 1197 1534 1236 αἰτιώμενον
1560 1199 1603 1226 καὶ
1630 1197 1693 1226 ἄλλα
1717 1198 1801 1227 πολλὰ
1824 1199 1868 1227 καὶ

1076 1239 1171 1268 ἄτοπα.
1197 1242 1241 1268 καί
1259 1252 1304 1277 μοι
1328 1241 1413 1272 ἔδοξεν
1431 1239 1588 1277 ὁμοιότατον
1604 1243 1768 1269 πεπονθέναι
1785 1240 1867 1279 ὥςπερ

1076 1281 1108 1310 ἂν
1130 1285 1157 1310 εἴ
1174 1293 1211 1313 τις
1228 1284 1318 1320 λέγων,
1342 1282 1382 1310 ὅτι
1399 1281 1539 1319 Σωκράτης
1555 1281 1654 1315 πάντα,
1677 1282 1730 1311 ὅσα
1751 1281 1866 1320 πράττει,

1076 1325 1109 1361 νῴ
1135 1323 1254 1373 πριὶττῗει,
1282 1323 1390 1352 κᾶπειτα
1419 1323 1582 1362 ἐπιχειρήσας
1606 1327 1686 1363 λέγειν
1711 1324 1758 1356 τὰς
1784 1325 1868 1356 αἶτιας

1075 1365 1190 1394 ἑκαστων
1208 1368 1243 1394 ὡν
1260 1365 1374 1415 πράττω,
1393 1369 1462 1415 λεγοι
1479 1379 1583 1404 πρωτον
1598 1369 1652 1404 μέν,
1671 1366 1711 1395 ὅτι
1729 1366 1770 1394 διὰ
1784 1367 1867 1395 ταῦτα

1075 1409 1119 1436 νῦν
1141 1407 1237 1436 ἐνθαδε
1259 1407 1391 1446 καθημαι,
1415 1409 1456 1437 ὁτι
1477 1408 1606 1447 ξυγκειταί
1625 1420 1677 1446 μου
1697 1408 1727 1437 τὸ
1747 1409 1822 1446 σῶμα
1840 1411 1867 1441 ἐξ

1075 1449 1160 1478 ὀστῶν
1181 1451 1225 1478 καὶ
1246 1449 1352 1487 νεύρων,
1375 1451 1419 1478 καὶ
1440 1450 1472 1478 τα
1493 1453 1540 1488 μὲν
1558 1449 1624 1479 ὀστᾶ
1643 1454 1697 1479 ἐστι
1715 1450 1806 1495 στερεὰ
1824 1452 1867 1479 καὶ

1075 1492 1185 1529 διαφυὰς
1204 1494 1253 1528 ε’χει
1268 1493 1346 1530 χωρις
1365 1491 1407 1520 ἇπ
1426 1491 1545 1528 ἀλλήλων,
1563 1505 1595 1521 τα
1614 1493 1641 1521 δὲ
1659 1493 1736 1530 νεῦρα
1751 1497 1794 1521 οἱα
1810 1496 1864 1521 ἐπι-

1074 1537 1210 1563 τείιεσθαι
1229 1541 1232 1555 ¹
1251 1535 1295 1562 καὶ
1313 1533 1445 1567 ανίεσθαι,
1463 1537 1671 1573 περιαμπέχοντα
1690 1534 1722 1563 τὰ
1737 1533 1804 1564 ὀστᾶ
1818 1547 1864 1573 με-

1074 1577 1106 1605 τὰ
1129 1577 1179 1605 τῶν
1202 1577 1320 1624 σαρκῶν
1326 1589 1369 1604 και
1391 1578 1527 1615 δέρματος,
1551 1576 1566 1605 ὃ
1588 1579 1683 1612 ξυνέχει
1701 1575 1779 1605 αὐτα
1803 1577 1865 1606 αἰω-

1075 1622 1203 1657 ρουμένων
1221 1620 1268 1647 οὖν
1285 1619 1336 1647 τῶν
1354 1617 1439 1647 ὀστῶν
1454 1622 1480 1647 ἐν
1494 1622 1551 1651 ταῖς
1566 1631 1650 1647 αυτων
1665 1620 1804 1657 ξυμβολαῖς
1815 1632 1865 1655 χα-

1075 1663 1157 1690 λῶντα
1172 1674 1217 1689 και
1231 1663 1391 1693 ξυντείνοντα
1406 1660 1438 1689 τὰ
1453 1662 1530 1699 νεῦρα
1545 1660 1718 1699 καμπτεσθαί
1730 1673 1783 1690 που
1796 1665 1868 1691 ποιεῖ

1075 1702 1131 1731 οἶόν
1149 1702 1169 1732 τ’
1186 1702 1250 1732 εἶναι
1268 1706 1311 1741 ἐμὲ
1328 1704 1372 1732 νῦν
1389 1703 1421 1732 τὰ
1437 1705 1511 1741 μέλη,
1529 1704 1573 1731 καὶ
1590 1703 1632 1732 διὰ
1649 1703 1745 1739 ταύτην
1761 1703 1806 1739 τὴν
1824 1704 1865 1732 αῖ-

1074 1748 1131 1774 τίαν
1153 1746 1334 1784 ξυγκαμφθεὶς
1356 1745 1452 1774 ἐνθάδε
1473 1745 1604 1783 κάθημαι·
1632 1746 1676 1774 καὶ
1694 1741 1727 1774 αὖ
1743 1747 1802 1784 περὶ
1819 1746 1866 1775 τοῦ

1075 1789 1245 1826 διαλέγεσθαι
1266 1787 1326 1825 ὑμῖν
1347 1790 1434 1826 ἑτέρας
1456 1787 1527 1819 τινας
1547 1786 1670 1819 τοιαύτας
1688 1788 1772 1820 αἰτίας
1788 1791 1865 1827 λέγοι,

1074 1830 1162 1867 φωνάς
1178 1842 1206 1858 τε
1223 1831 1266 1858 καὶ
1284 1828 1362 1867 ἀέρας
1378 1831 1422 1858 καὶ
1439 1828 1521 1861 ἀκοὰς
1537 1831 1581 1858 καὶ
1599 1828 1664 1858 ἄλλα
1680 1832 1758 1868 μυρία
1775 1831 1865 1859 τοιαῦ-

1074 1885 1107 1901 τα
1130 1871 1290 1910 αἰτιώμενος,
1315 1870 1444 1910 ἀμελήσας
1460 1872 1507 1904 τὰς
1524 1871 1558 1904 ὧς
1576 1878 1580 1893 ¹
1600 1870 1707 1908 ἆληθῶς
1725 1872 1808 1904 αἰτίας
1825 1875 1865 1901 λέ-

1073 1927 1139 1953 γειν,
1163 1915 1216 1948 ὅτι,
1239 1914 1324 1950 ἐπειδὴ
1341 1916 1492 1950 ,Ἀθηναίοις
1514 1915 1585 1947 ἔδοξε
1607 1915 1706 1951 βέλτιον
1722 1912 1787 1943 εἶναι
1805 1914 1866 1956 ἐμοί]

1074 1959 1329 1994 καταψηφίσασθαι,
1355 1957 1396 1985 διὰ
1418 1957 1501 1985 ταῦτα
1523 1956 1553 1993 δὴ
1574 1969 1615 1985 και
1640 1957 1697 1994 ἐμοὶ
1718 1957 1816 1994 βέλτιον
1834 1958 1866 1985 αὐ

1075 2001 1192 2028 δέδοκται
1214 1998 1310 2028 ἐνθάδε
1332 1999 1490 2035 καθῆσθαι,
1512 1999 1556 2027 καὶ
1573 1998 1731 2037 δικαιότερον
1747 2001 1865 2037 παραμέ-

1076 2054 1153 2070 νοντα
1174 2040 1276 2077 ὗπέχειν
1298 2054 1343 2091 την
1365 2042 1444 2077 δίκην,
1467 2040 1498 2077 ἣν
1521 2040 1552 2069 ὁῖν
1573 2039 1737 2070 κελευσωσιν
1765 2042 1820 2069 ἐπεὶ
1836 2040 1866 2077 νὴ

1076 2084 1120 2112 τὸν
1137 2083 1209 2116 κύνα,
1228 2082 1262 2115 ὦς
1280 2084 1383 2122 ἐγώμαι,
1401 2082 1483 2111 πάλαι
1502 2082 1533 2111 ιῖν
1551 2087 1564 2101 *
1581 2083 1663 2112 ταῦτα
1681 2083 1714 2112 τὰ
1731 2084 1808 2121 νεῦρα
1823 2084 1867 2112 καὶ

1075 2126 1107 2154 τὰ
1130 2124 1197 2154 ὀστᾶ
1219 2125 1235 2161 ἢ
1255 2127 1314 2163 περὶ
1332 2128 1447 2164 Μέγαρα
1468 2124 1484 2161 ἢ
1501 2124 1636 2157 Βοιωτοὺς
1655 2125 1698 2161 ἠν,
1719 2123 1772 2154 ὑπὸ
1791 2124 1867 2161 δόξης

1074 2167 1204 2206 φερόμενα
1226 2169 1273 2196 τοῦ
1296 2169 1441 2205 βελτίστου,
1464 2168 1486 2196 εἰ
1507 2167 1542 2205 μὴ
1560 2166 1720 2205 δικαιότερον
1737 2166 1806 2204 ῴμην
1823 2168 1866 2196 καὶ

1074 2210 1177 2238 καλλιον
1198 2215 1263 2238 εῖναι
1283 2209 1335 2247 πρὸ
1358 2211 1405 2238 τοῦ
1427 2221 1530 2248 φευγειν
1551 2221 1579 2238 τε
1600 2222 1643 2237 και
1666 2208 1866 2263 ἅποδιδρασκειν

1072 2252 1175 2288 υπέχειν
1195 2253 1226 2289 τῇ
1248 2251 1322 2280 πόλει
1344 2253 1425 2288 δίκην,
1447 2249 1522 2288 ηντιν’
1544 2250 1576 2280 (ἲν
1601 2264 1689 2289 ταττῃ.
1721 2249 1774 2279 ἆλλ
1795 2254 1865 2280 αἶ’τια

1072 2297 1119 2343 μὲν
1140 2294 1172 2323 τὰ
1194 2295 1303 2323 τοιαῦτα
1325 2297 1411 2322 καλεῖν
1432 2296 1489 2322 λίαν
1511 2292 1621 2322 ο’ίτοπον
1649 2294 1672 2322 εἶ
1690 2295 1717 2322 δέ
1733 2305 1771 2325 τις
1787 2296 1864 2332 λέγοι,

1074 2338 1114 2365 οτι
1132 2335 1193 2365 ἄνευ
1209 2338 1256 2365 τοῦ
1274 2336 1306 2365 τὰ
1324 2349 1433 2365 τοιαυτα
1452 2338 1516 2385 ἔχειν
1532 2337 1576 2364 καὶ
1591 2334 1658 2365 οστᾶ
1672 2336 1717 2364 καὶ
1730 2337 1807 2373 νεῦρα
1821 2337 1866 2364 καὶ

1074 2380 1126 2408 ὅσα
1149 2378 1213 2407 α’λλα
1237 2380 1297 2414 ἔχω,
1321 2391 1367 2407 ουκ
1391 2378 1422 2407 ἂν
1445 2377 1500 2410 οιός
1516 2391 1531 2406 τ
1554 2373 1584 2414 ἦν
1600 2381 1684 2407 ποιεῖν
1701 2377 1733 2406 τὰ
1752 2377 1865 2410 δόξαντά

1071 2433 1138 2469 μοι,ί
1152 2419 1240 2457 ἀληθῆ
1263 2420 1295 2448 ἄν
1315 2423 1395 2459 λέγον
1423 2419 1457 2452 ὦς
1476 2423 1563 2458 μέντοι
1586 2419 1627 2448 διὰ
1649 2420 1731 2448 ταῦτα
1753 2421 1820 2449 ποιῶ
1847 2419 1864 2448 δι’

1071 2463 1151 2496 ποιῶ,
1169 2464 1213 2491 καὶ
1229 2475 1310 2500 ταυτῃ
1328 2475 1362 2500 νῳ
1379 2474 1498 2516 πραττω,
1522 2460 1574 2490 ἄλλ
1592 2460 1623 2491 οὗ
1640 2463 1671 2499 τῇ
1689 2462 1737 2491 τοῦ
1756 2468 1760 2484 ¹
1780 2463 1861 2500 βελτί-

1072 2518 1137 2534 στου
1159 2507 1266 2543 αἱρέσει,
1293 2492 1375 2540 πολλὴ
1398 2504 1430 2533 αν
1451 2505 1495 2533 καὶ
1513 2504 1600 2542 μακρὰ
1624 2506 1743 2543 ῥᾳθυμία
1760 2507 1798 2540 εἰη
1815 2504 1863 2534 τοῦ

1070 2547 1158 2586 λόγου.
1185 2547 1215 2576 τὸ
1236 2547 1287 2586 γὰρ
1308 2547 1343 2585 μὴ
1366 2549 1500 2576 διελέσθαι
1522 2545 1578 2575 οἶόν
1599 2544 1619 2574 τ’
1636 2551 1712 2579 εἶναι,
1737 2546 1777 2575 ο’τι
1799 2545 1860 2575 ἄλλο

1069 2593 1115 2627 μέν
1131 2591 1157 2618 τι
1173 2593 1228 2618 ἐστι
1244 2590 1274 2618 τὸ
1294 2592 1377 2618 αι’τιον
1394 2590 1428 2626 τῷ
1447 2588 1508 2622 ο’ντι,
1528 2587 1589 2617 ἄλλο
1606 2587 1629 2616 δ’
1648 2592 1735 2622 ἐκεῖνο,
1755 2587 1815 2617 α’νευ
1830 2584 1861 2617 οὗ

1070 2632 1099 2661 τὸ
1119 2635 1202 2660 αἴτιον
1220 2630 1265 2660 οὐκ
1284 2644 1316 2659 αν
1333 2629 1390 2660 ποτ’
1407 2634 1445 2667 εἴη
1463 2634 1555 2659 αἴτιον
1584 2629 1599 2659 ὅ
1618 2630 1647 2666 δή
1663 2643 1709 2668 μοι
1725 2632 1862 2668 φαίνονται

1069 2676 1238 2712 ψηλαφῶντες
1256 2674 1282 2702 οἱ
1299 2675 1391 2702 πολλοὶ
1409 2673 1491 2711 ὥςπερ
1507 2676 1533 2701 ἐν
1548 2671 1640 2710 σκότῳ,
1660 2671 1783 2711 ἀλλοτρίῳ
1799 2670 1860 2701 ὀνό-

1891 409 1914 428 98

1891 2089 1914 2108 99
