1998 3084
733 167 1082 194 PRAEFATIO,
1697 175 1729 196 {x

189 261 306 306 Atque
332 259 425 294 idem
451 259 555 306 plane
582 258 688 294 etiam
714 259 757 294 de
784 259 872 294 crasi
901 264 935 294 et
962 264 1108 294 accentu
1134 260 1171 294 in
1200 260 1380 295 vocabulis
1410 251 1535 299 τᾶλλα,
1570 251 1729 303 τοῦργον,

91 322 197 370 ἁνήρ,
222 326 316 369 aliis,
344 330 514 372 usurpato
538 325 671 361 dictum
693 326 869 362 volumus.
924 325 1023 369 Quae
1047 327 1221 374 scriptura
1241 339 1350 373 quum
1369 327 1564 362 innumeris
1583 328 1668 363 locis
1687 328 1730 363 ab

89 393 229 442 optimis
253 392 370 435 codd„
395 393 501 428 etiam
519 392 770 436 Clarkiano,
798 393 1023 440 suppeditata
1041 393 1102 435 sit,
1131 399 1165 428 et
1183 406 1286 441 saepe
1305 395 1411 430 etiam
1430 395 1608 430 erroribus
1628 395 1730 430 libra-

87 461 221 496 riorum
249 460 286 494 in
315 471 356 495 ea
383 465 514 494 temere
541 460 785 495 vacillantium
812 460 943 495 mirum
966 465 1140 507 quantum
1164 461 1406 505 confirmetur,
1435 462 1624 497 ridiculum
1647 475 1731 498 sane

87 527 209 570 fuerit,
235 526 340 562 modo
365 521 493 566 τᾶλλα,
520 521 684 570 τοῦργον,
710 522 821 571 ὡνήρ,
844 527 949 563 modo
977 517 1104 565 τᾶλλα,
1134 517 1301 569 τοῦργον,
1330 524 1421 572 ἁνήρ
1450 529 1602 564 scribere
1628 530 1729 572 velle,

88 595 217 642 quippe
250 607 360 641 quum
394 593 476 629 libri
503 593 735 641 manuscripti
763 594 942 629 interdum
969 595 1116 629 alteram
1144 599 1284 629 tantum
1313 595 1523 642 scripturam
1551 601 1729 632 tueantur.

85 661 261 698 Nimirum
278 661 379 696 facile
397 661 624 709 intelligitur,
643 661 778 696 librarii
798 674 860 696 cur
878 661 1027 710 singulis
1046 661 1131 696 locis
1150 661 1414 696 insolentiorem
1433 663 1608 698 scribendi
1627 663 1730 698 ratio-

86 742 166 765 nem
184 728 422 777 neglexerint,
450 734 490 763 ut
508 740 632 762 caussa
649 728 686 762 in
703 734 846 775 promtu
864 730 925 771 sit,
954 740 1016 763 cur
1034 741 1127 771 eam,
1151 729 1314 775 quamvis
1332 730 1463 776 passim
1482 730 1729 772 oblitteratam,

85 802 202 831 tamen
221 796 353 842 ubique
370 795 626 830 restituendam
645 807 858 831 censeamus.

184 862 264 899 Non
281 863 394 898 multo
413 863 514 897 aliter
532 862 704 897 sentimus
723 862 766 897 de
784 863 960 910 scriptura
979 857 1061 907 ἄχρι
1076 867 1112 898 et
1129 862 1230 906 μέχρι
1250 875 1315 910 pro
1335 863 1480 911 vulgato
1499 858 1601 907 ἄχρις
1619 868 1655 898 et
1671 863 1730 904 μέ-

82 940 171 976 χρις.
214 929 443 977 Praecipiunt
462 930 556 964 enim
573 935 710 965 veteres
729 930 960 978 grammatici,
979 929 1083 971 μέχρι
1101 934 1136 965 et
1155 924 1234 970 ἄχρι
1256 930 1351 977 apud
1368 930 1505 966 Atticos
1524 930 1631 965 etiam
1649 936 1730 965 ante

85 998 242 1034 vocalem
269 997 423 1032 litteram
451 997 557 1032 scribi
586 1002 761 1044 oportere;
796 1011 830 1033 v.
858 996 1007 1033 Moeris
1028 1009 1063 1045 Ρ.
1089 999 1147 1032 34.
1170 1012 1197 1021 =
1226 998 1284 1032 25.
1308 997 1361 1032 ed.
1384 996 1478 1045 Lips.
1512 997 1728 1033 Herodian.

84 1065 195 1101 Piers.
213 1077 247 1112 p.
267 1066 352 1099 451.
381 1064 516 1100 Thom.
543 1063 643 1113 Mag.
662 1077 696 1112 p.
721 1066 788 1100 135
810 1077 860 1111 sq.
880 1064 1102 1113 Phrynich.
1125 1077 1160 1111 p.
1188 1066 1243 1099 14.
1267 1064 1388 1111 ibique
1405 1064 1577 1100 Lobeck.
1630 1064 1731 1100 Hanc

84 1145 169 1169 vero
202 1132 312 1180 legem
342 1131 437 1179 apud
464 1131 707 1180 Thucydidem
735 1138 770 1167 et
800 1131 986 1167 Platonem
1014 1132 1052 1166 in
1080 1131 1178 1166 codd.
1207 1132 1257 1166 ita
1285 1131 1406 1167 videre
1435 1132 1516 1166 licet
1544 1131 1729 1175 dominari,

85 1205 126 1236 ut
145 1199 347 1247 paucissimi
371 1199 438 1234 loci
462 1199 654 1246 supersint,
684 1199 722 1234 in
745 1199 874 1246 quibus
897 1199 974 1234 eius
996 1198 1198 1234 observatio
1222 1199 1366 1234 omnino
1385 1201 1580 1234 evanuerit.
1636 1198 1730 1243 Quid

86 1266 215 1316 igitur?
241 1265 367 1302 Nonne
385 1266 512 1313 quovis
529 1266 678 1316 pignore
697 1266 908 1302 contendere
927 1266 1040 1309 liceat,
1060 1266 1165 1301 etiam
1184 1266 1222 1300 in
1240 1265 1295 1300 his
1315 1266 1399 1301 olim
1417 1266 1629 1313 scripturam
1648 1261 1730 1307 ἄχρι

87 1340 122 1370 et
138 1334 239 1377 μέχρι
259 1334 419 1369 extitisse
437 1346 477 1368 ac
495 1333 691 1369 scribarum
709 1339 850 1369 tantum
874 1333 1034 1369 socordia
1055 1333 1296 1369 oblitteratam
1315 1333 1411 1368 esse?
1451 1333 1644 1369 Enimvero
1662 1347 1727 1369 nos

87 1401 228 1449 quidem
254 1414 327 1437 non
354 1401 597 1437 dubitavimus
627 1413 705 1436 eam
732 1401 865 1448 ubique
893 1401 1094 1444 restituere,
1129 1401 1360 1447 quantumvis
1390 1401 1471 1436 libri
1495 1401 1630 1436 nullam
1654 1402 1729 1436 eius

85 1474 286 1505 servassent
305 1469 521 1504 memoriam.
573 1467 654 1504 Non
676 1469 771 1504 enim
794 1474 847 1504 est
870 1468 1050 1511 credibile,
1073 1468 1280 1515 scriptorem
1298 1468 1500 1516 quempiam
1518 1481 1559 1504 ea
1576 1468 1729 1504 millenis

85 1536 169 1572 locis
187 1534 292 1572 usum
309 1548 395 1579 esse,
414 1535 525 1571 ternis
544 1541 607 1571 aut
624 1535 806 1583 quaternis
825 1536 910 1571 locis
929 1535 1115 1583 sprevisse.

186 1601 255 1640 Sed
281 1603 463 1651 pertinent
489 1608 673 1651 praeterea
700 1603 746 1638 ad
773 1603 841 1638 hoc
868 1603 1141 1652 orthographiae
1168 1614 1296 1652 genuS,
1329 1602 1425 1650 quod
1457 1603 1565 1638 habet
1599 1608 1729 1638 certam

85 1671 262 1719 quandam
289 1671 577 1718 aequabilitatem
598 1670 666 1706 sibi
688 1671 882 1719 propriam,
911 1671 1018 1706 etiam
1040 1671 1109 1705 alia
1131 1683 1203 1705 non
1225 1682 1351 1718 pauca,
1381 1682 1427 1705 ex
1452 1670 1582 1717 quibus
1610 1675 1729 1706 tamen

85 1739 154 1775 duo
171 1744 311 1774 tantum
329 1738 444 1774 adhuc
463 1750 735 1774 commemorare
752 1738 880 1786 placet,
900 1750 990 1785 quae
1008 1738 1045 1772 in
1063 1737 1211 1773 Platone
1222 1737 1364 1785 quidem
1376 1750 1471 1773 nunc
1487 1738 1590 1773 nobis
1607 1737 1729 1774 viden-

84 1811 143 1842 tur
160 1812 263 1842 extra
279 1805 538 1841 dubitationem
556 1806 671 1854 posita
689 1818 775 1841 esse.
811 1805 979 1841 Dicamus
998 1805 1092 1840 enim
1111 1805 1218 1840 etiam
1236 1805 1279 1840 de
1297 1805 1451 1841 nominis
1471 1800 1614 1849 ἀνδρεία
1633 1810 1668 1841 et
1686 1805 1728 1840 de

84 1873 341 1909 terminationis
359 1873 533 1908 secundae
550 1886 722 1921 personae
740 1873 873 1920 passivi
893 1873 930 1908 in
949 1883 975 1903 ει
1000 1873 1111 1907 factae
1131 1872 1316 1920 scriptura.

184 1939 375 1976 Ordiamur
396 1953 417 1976 a
437 1941 643 1988 posteriore.
696 1940 784 1976 Eam
806 1941 916 1989 igitur
941 1940 1025 1975 item
1047 1939 1154 1975 talem
1176 1940 1391 1975 arbitramur
1420 1952 1509 1983 esse,
1538 1952 1628 1986 quae
1650 1938 1728 1974 Pla-

83 2007 158 2043 toni
175 2020 247 2043 non
265 2008 415 2057 singulis
434 2013 574 2044 tantum
592 2008 692 2051 locis,
715 2009 820 2044 sicuti
843 2020 958 2055 nuper
982 2007 1093 2042 critici
1117 2012 1305 2055 putarunt,
1330 2007 1392 2042 sed
1410 2007 1542 2054 ubique
1561 2007 1636 2042 sine
1655 2008 1728 2043 ullo

84 2075 238 2111 locorum
260 2075 462 2110 discrimine
485 2076 624 2121 restitui
643 2075 779 2111 debeat.
834 2075 945 2111 Cuius
963 2075 1159 2110 sententiae
1177 2080 1320 2110 nostrae
1338 2074 1425 2110 haec
1442 2080 1651 2123 argumenta
1668 2075 1727 2110 ha-

84 2141 217 2178 bemus.
272 2142 415 2178 Etenim
445 2143 600 2190 primum
633 2143 776 2190 quidem
808 2143 1012 2179 certissimis
1046 2147 1184 2178 constat
1215 2142 1441 2185 testimoniis,
1480 2143 1727 2190 grammaticos

84 2214 220 2246 veteres
258 2222 335 2246 eam
363 2211 512 2245 formam
545 2211 806 2257 antiquioribus
835 2211 964 2246 Atticis
998 2210 1229 2258 inprimisque
1257 2209 1363 2244 etiam
1389 2209 1530 2244 Platoni
1559 2210 1727 2244 unanima

85 2277 312 2313 consensione
340 2277 554 2313 attribuisse.
607 2278 661 2313 De
684 2291 754 2325 qua
777 2291 816 2313 re
839 2291 873 2314 v.
896 2277 1084 2313 Eustath.
1109 2276 1153 2311 ad
1181 2276 1279 2311 Iliad.
1308 2289 1342 2324 p.
1370 2279 1452 2312 641.
1477 2276 1515 2312 C.
1545 2276 1597 2311 ed.
1624 2276 1724 2312 Rom.

85 2343 279 2380 Priscian.
307 2357 342 2392 p.
373 2346 480 2380 1204.
510 2345 563 2380 ed.
590 2345 735 2381 Putsch.
766 2344 931 2394 Gregor.
961 2344 1142 2380 Corinth.
1170 2356 1203 2391 p.
1237 2345 1306 2379 118
1336 2356 1387 2391 sq.
1412 2343 1465 2379 ed.
1490 2342 1664 2379 Schaefer.
1691 2349 1726 2379 et

86 2423 172 2457 quos
194 2412 384 2447 laudarunt
406 2412 583 2447 Fischer.
608 2412 653 2447 ad
675 2412 820 2448 Welleri
844 2411 1036 2448 Grammat.
1060 2411 1100 2446 T.
1123 2410 1149 2446 Ι.
1172 2424 1206 2458 p.
1235 2413 1316 2446 119.
1345 2410 1551 2446 Maittair.
1571 2411 1615 2446 de
1632 2411 1723 2446 Dial.

86 2490 119 2525 p.
143 2479 200 2514 80.
227 2478 296 2514 Th.
320 2479 358 2514 C.
383 2478 424 2514 G.
448 2477 693 2523 Schneider.‚
716 2479 975 2522 Wimariensis,
998 2479 1041 2514 de
1065 2478 1224 2514 Dialecto
1248 2476 1409 2526 Sophocl.
1429 2491 1462 2526 p.
1484 2479 1504 2513 2
1528 2490 1602 2524 sqq.
1631 2477 1726 2513 Por-

86 2557 168 2580 son.
189 2545 304 2581 Praef.
329 2546 373 2581 ad
394 2546 528 2582 Hecub.
552 2559 585 2594 p.
610 2546 670 2582 VI.
691 2547 743 2582 ed.
763 2547 857 2595 Lips.
878 2547 921 2582 al.
974 2546 1150 2582 Nimirum
1168 2551 1306 2582 veteres
1325 2546 1376 2580 illi
1396 2546 1553 2581 vocalem
1571 2545 1725 2586 brevem,

87 2616 126 2648 ut
142 2612 180 2647 in
198 2607 313 2653 μάχει,
333 2613 486 2657 στρέφει,
505 2609 590 2657 ἡγεῖ,
610 2614 817 2658 indicativo,
843 2615 994 2662 longam,
1014 2619 1054 2649 ut
1072 2613 1109 2648 in
1127 2607 1237 2660 μάχῃ,
1262 2612 1407 2659 στρέφῃ,
1431 2613 1475 2648 al.
1500 2612 1725 2647 coniunctivo

89 2679 325 2724 vindicarunt,
348 2680 530 2729 analogiae
553 2681 666 2730 legem
688 2694 729 2717 ea
751 2683 787 2717 in
811 2695 848 2717 re
867 2681 1022 2728 sequuti:
1051 2693 1156 2727 quam
1175 2681 1288 2728 legem
1306 2679 1490 2727 paullatim
1509 2679 1726 2727 abrogarunt
