1998 3084
699 174 1044 199 PRAEFATIO.
1674 177 1691 198 V

56 267 276 310 tenbaehii,
302 267 360 301 alii
379 266 497 314 magni
517 266 601 308 viri,
627 266 663 299 in
682 265 868 300 afferendis
887 265 971 299 locis
992 264 1181 298 Platonicis
1201 264 1341 310 sequuti
1361 276 1436 298 esse
1457 264 1691 310 reperiuntur.

55 337 215 382 Denique
242 346 306 369 nec
334 334 512 381 ingratum
540 333 614 367 fore
643 332 769 367 harum
798 332 996 366 litterarum
1025 331 1191 365 studiosis
1222 336 1400 377 putamus,
1430 330 1524 376 quod
1553 330 1695 364 tandem

55 401 244 449 aliquando
277 400 384 435 etiam
418 398 558 434 Scholia
592 397 725 434 Graeca
759 399 802 433 ad
837 398 989 444 exempli
1025 396 1293 444 St-cphaniani
1324 398 1471 445 paginas
1498 398 1694 437 retulimus,

54 469 231 505 annotatis
256 468 387 513 ubique
411 467 552 501 illarum
576 466 732 501 numeris
756 478 797 500 ac
820 465 1020 514 segmentis.
1073 464 1163 498 Nam
1188 465 1237 498 ita
1262 470 1354 499 certe
1373 478 1495 499 eorum
1514 477 1617 499 usum
1636 465 1695 499 ali-

54 536 196 583 quando
224 535 416 570 faciliorem
445 538 550 579 atque
579 533 834 580 expeditiorem
861 533 935 567 fore
965 544 1036 566 non
1065 536 1195 566 temere
1224 544 1364 578 sperare
1392 532 1565 567 videmur.

154 603 290 638 Verum
308 601 392 636 satis
412 601 498 635 haec
515 600 558 635 de
577 600 657 635 dote
675 600 802 646 prima,
832 612 903 645 qua
924 599 1016 633 hanc
1038 598 1196 633 Platonis
1216 598 1406 633 editionem
1424 599 1603 634 voluimus
1622 612 1696 633 esse

55 669 376 706 commendabilem.
432 666 582 703 Gravior
610 667 716 701 etiam
738 667 806 701 fuit
829 679 913 701 cura
935 666 1095 708 alterius,
1125 665 1410 712 quandoquidem
1440 666 1527 701 illud
1557 679 1698 712 quoquc

55 737 230 786 agendum
258 735 477 783 putavimus,
508 739 548 769 ut
569 747 675 781 opera
696 733 897 781 philosophi
922 746 1027 779 quam
1051 732 1334 767 emendatissime
1357 733 1533 780 descripta
1555 734 1697 767 exhibe-

54 809 187 839 rentur.
242 802 321 846 Quo
340 802 482 849 quidem
499 802 643 837 nomine
661 801 747 847 quid
769 801 905 836 efficere
928 800 1183 842 studuerimus,
1212 800 1334 846 paucis
1357 801 1483 846 accipe.

154 870 200 905 Et
221 870 310 905 illud
332 869 474 916 quidem
496 881 560 903 nec
580 874 719 916 tempus
742 880 806 903 nec
824 868 1009 903 consilium
1028 867 1155 902 harum
1174 867 1370 902 editionum
1389 867 1629 913 permittebat,
1661 873 1699 901 ut

55 950 183 974 novam
203 937 452 972 universorum
470 935 629 971 Platonis
648 936 859 983 scriptorum
877 935 1118 970 recensionem
1137 934 1413 969 institueremus,
1459 934 1698 969 Nihilominus

55 1010 173 1040 autem
199 1016 255 1039 res
283 1004 359 1051 ipsa
384 1003 564 1051 postulare
591 1015 632 1037 ac
657 1008 797 1038 tantum
819 1015 891 1038 non
913 1002 1074 1051 flagitare
1091 1001 1170 1037 visa
1188 1006 1254 1044 est,
1284 1007 1336 1044 ut,
1365 1014 1475 1048 quum
1494 1002 1530 1036 in
1549 1002 1698 1049 singulis

54 1073 153 1108 libris
181 1083 271 1118 quae
300 1071 434 1118 optima
458 1070 640 1106 videretur
667 1075 788 1105 textus
815 1070 972 1105 recensio
998 1082 1062 1116 pro
1089 1068 1320 1104 fundamento
1347 1074 1552 1116 poneretur,
1582 1074 1699 1103 tamen

54 1139 174 1176 omnia
192 1151 232 1174 ac
250 1138 391 1185 singula
408 1137 524 1172 denuo
544 1138 793 1179 lustrarentur,
815 1141 1107 1184 percenserentur
1132 1141 1180 1178 et,
1204 1136 1233 1170 si
1252 1148 1322 1182 qua
1341 1137 1416 1171 fieri
1436 1141 1568 1183 posset,
1596 1137 1699 1171 corri—

54 1211 222 1256 gerentur
241 1211 346 1252 atque
365 1204 647 1240 emendarentur.
689 1203 767 1247 Quo
789 1204 827 1238 in
844 1216 972 1252 genere
991 1216 1098 1250 opera
1116 1208 1238 1238 nostra
1256 1204 1306 1238 ita
1324 1204 1396 1238 fere
1414 1209 1556 1239 versata
1573 1209 1636 1238 est.

156 1273 316 1308 Primum
338 1272 480 1319 quidem
503 1272 538 1307 id
561 1284 703 1319 operam
724 1271 900 1314 dedimus,
931 1276 971 1306 ut
989 1270 1159 1305 orationis
1178 1271 1421 1317 perspicuitati
1442 1276 1605 1305 accurata
1623 1285 1698 1306 ver-

57 1341 182 1377 borum
200 1339 484 1387 interpunctione
503 1351 610 1386 quam
627 1339 781 1374 maxime
800 1339 1053 1374 consuleretur.
1110 1337 1151 1372 In
1169 1350 1239 1384 quo
1258 1338 1412 1372 medium
1431 1339 1503 1373 fere
1521 1339 1700 1373 tenuimus

57 1409 149 1444 inter
175 1420 233 1443 eas
259 1407 427 1449 rationes,
455 1419 546 1453 quae
572 1406 676 1441 hodie
702 1418 850 1455 regnare
877 1410 1098 1453 occeperunt.
1151 1404 1240 1440 Nam
1269 1410 1304 1439 et
1333 1405 1524 1440 vitavimus
1556 1406 1701 1440 nimiam

58 1475 352 1523 interpunctionis
370 1474 621 1520 frequentiam,
646 1487 690 1509 ne
709 1486 799 1520 quae
817 1486 881 1521 pro
900 1478 1029 1508 natura
1046 1478 1082 1508 et
1100 1472 1217 1507 indole
1237 1471 1361 1508 Graeci
1380 1473 1551 1507 sermonis
1570 1474 1700 1508 arctius

59 1543 150 1578 inter
168 1555 204 1577 se
223 1542 463 1585 cohaererent,
484 1554 524 1576 ea
542 1542 733 1577 violentius
752 1554 773 1576 a
791 1554 827 1576 se
846 1541 998 1577 invicem
1017 1540 1285 1583 divellerentur,
1305 1545 1340 1575 et
1358 1540 1552 1587 refugimus
1571 1541 1700 1575 fastuo-

59 1622 133 1646 sam
149 1622 270 1644 eorum
285 1610 528 1652 temeritatem,
546 1609 622 1655 qui,
644 1609 739 1644 omni
758 1610 830 1644 fere
848 1608 1133 1655 interpunctione
1153 1607 1318 1654 speciosis
1337 1607 1379 1642 de
1399 1608 1531 1642 caussis
1551 1608 1699 1651 sublata,

59 1677 229 1713 sermonis
247 1676 505 1724 perspicuitati,
533 1676 589 1711 cui
608 1676 830 1712 adiuvandae
849 1675 1088 1722 interpunctio
1107 1674 1229 1721 utique
1248 1674 1412 1717 inservit,
1441 1675 1571 1709 mirum
1594 1688 1701 1721 quan-

58 1750 134 1780 tum
152 1744 322 1780 officiunt.
376 1743 509 1791 Nempe
526 1748 663 1779 veteres
682 1756 791 1790 quum
810 1742 1084 1790 interpungendi
1104 1742 1277 1777 rationem
1294 1742 1485 1777 verborum
1504 1742 1701 1777 recitationi

58 1811 383 1859 attemperaverint,
412 1816 490 1846 tum
517 1823 582 1846 nos
610 1811 753 1857 quidem
780 1823 843 1857 per
872 1822 949 1844 eam
977 1809 1147 1844 adiuvare
1174 1809 1327 1844 solemus
1354 1809 1507 1843 maxime
1531 1810 1701 1844 sermonis

57 1879 354 1927 perspicuitatem.
409 1877 523 1921 Quam
550 1879 611 1925 qui
638 1878 696 1913 vel
722 1877 872 1912 nimium
899 1877 957 1912 vel
983 1889 1109 1924 parum
1136 1876 1420 1923 intel-pungendo
1442 1876 1648 1919 obscurant,
1677 1877 1701 1911 ii

58 1958 123 1981 nec
145 1945 282 1992 antiqui
303 1958 368 1980 nec
389 1945 594 1981 recentioris
616 1945 723 1980 moris
746 1950 885 1980 tenaces
909 1950 971 1979 aut
993 1944 1078 1978 satis
1100 1943 1318 1990 perspicaces
1341 1955 1416 1978 esse
1438 1944 1564 1978 merito
1583 1944 1701 1978 existi-

58 2013 188 2051 mandi>
200 2017 293 2048 sunt.
340 2011 561 2059 Quamquam
580 2013 743 2047 lubenter
761 2013 912 2047 fatemur
929 2023 1099 2059 perquam
1118 2011 1260 2045 difficile
1279 2023 1355 2045 esse
1373 2011 1410 2045 in
1429 2011 1494 2045 hac
1513 2024 1549 2046 re
1569 2011 1702 2046 iustum

57 2080 201 2116 modum
227 2092 382 2123 servare,
412 2085 451 2115 ut
477 2093 548 2115 non
575 2080 738 2114 miraturi
765 2080 889 2122 simus,
918 2079 946 2114 si
971 2079 1031 2125 qui
1050 2091 1115 2113 nos
1134 2078 1310 2113 nobismet
1328 2078 1413 2125 ipsis
1431 2091 1556 2125 parum
1576 2080 1701 2113 consti-

58 2148 142 2183 tisse
165 2153 340 2182 censeant.
394 2145 463 2182 Sed
487 2152 568 2182 utut
586 2147 628 2181 de
647 2147 713 2181 hac
730 2159 767 2181 re
786 2147 1015 2189 iudicabitur,
1044 2145 1131 2180 illud
1150 2150 1267 2180 tamen
1286 2158 1350 2180 nos
1370 2146 1514 2180 omnino
1533 2152 1702 2192 sequutos

59 2227 133 2250 esse
150 2215 370 2262 profitemur,
390 2220 430 2249 ut
448 2215 540 2249 inter
558 2214 607 2257 id,
627 2214 722 2260 quod
739 2215 889 2249 nimium
907 2219 1013 2260 atque
1031 2226 1157 2260 parum
1175 2217 1242 2255 est,
1264 2212 1415 2247 mediam
1433 2213 1527 2248 viam
1548 2215 1702 2249 tenuisse

60 2282 351 2317 existimaremur.
405 2281 445 2316 Id
471 2281 566 2328 quod
593 2282 754 2328 inprimis
781 2281 888 2316 etiam
914 2294 959 2315 ex
986 2280 1193 2328 Republica,
1230 2279 1387 2322 Timaeo,
1423 2279 1591 2327 Legibus,
1624 2282 1702 2315 aliis

60 2349 172 2392 libris,
195 2349 310 2384 rarius
329 2349 432 2384 edjtis
451 2354 486 2383 et
504 2349 689 2384 illustratis
708 2349 792 2391 illis,
815 2349 914 2383 nullo
932 2348 1075 2396 negotio
1094 2347 1322 2395 intelligetur.

159 2416 303 2451 Praeter
329 2416 624 2463 interpunctionis
651 2428 737 2451 vero
764 2416 937 2451 rationem
965 2415 1126 2462 inprimis
1155 2415 1261 2449 etiam
1290 2415 1492 2450 curavimus
1522 2415 1702 2463 orthogra-

60 2483 191 2530 phiam,
219 2496 309 2530 quae
330 2483 399 2518 dici
421 2484 523 2526 solet,
551 2483 772 2531 singulorum
794 2483 1058 2519 vocabulorum.
1111 2482 1164 2517 De
1183 2494 1253 2528 qua
1271 2494 1322 2525 re,
1351 2494 1394 2516 ne
1413 2482 1499 2527 quid
1517 2482 1702 2516 arbitrarie

60 2562 208 2586 novasse
245 2551 502 2593 existimemur,
539 2550 626 2585 haec
662 2551 800 2586 habeto.
854 2550 997 2597 Duplex
1026 2549 1168 2585 videtur
1196 2549 1340 2584 omnino
1369 2549 1599 2583 discernenda
1628 2561 1702 2583 esse

61 2617 331 2665 orthographiae
358 2630 380 2652 a
406 2617 587 2653 veteribus
617 2616 758 2653 Graecis
788 2618 994 2653 observatae
1022 2617 1122 2651 ratio.
1176 2616 1258 2651 Alia
1285 2616 1394 2658 enim,
1428 2628 1517 2661 quae
1550 2616 1594 2649 ad
1626 2628 1703 2650 eam

62 2689 232 2731 spectant,
260 2685 360 2721 varia
381 2689 465 2719 sunt
487 2690 522 2719 et
544 2685 742 2729 mutabilia,
771 2691 811 2720 ut
833 2690 963 2720 certam
985 2689 1274 2731 constantemque
1293 2685 1405 2732 legem
1424 2696 1495 2718 non
1515 2682 1703 2718 videantur
