1998 3084
537 705 1237 765 PRAEFATIO.

165 1024 203 1071 ln
232 1029 326 1072 nova
354 1037 420 1072 hac
448 1050 594 1086 operum
623 1037 888 1073 Platonicorum
917 1037 1085 1079 editione,
1119 1049 1226 1083 quam
1255 1036 1412 1072 Caroli
1443 1036 1706 1072 Christiani

63 1103 374 1147 Tauchnitii,
410 1105 477 1140 viri
507 1104 760 1147 honestissimi,
794 1108 920 1152 rogatu
949 1103 1190 1139 adornandam
1219 1104 1452 1150 suscepimus,
1486 1103 1572 1150 quid
1604 1103 1707 1138 nobis

63 1171 286 1218 potissimum
317 1172 424 1207 fuerit
455 1172 690 1219 propositum,
726 1183 771 1206 ne
800 1183 871 1218 qua
899 1170 955 1205 cui
984 1170 1133 1206 dubium
1161 1170 1340 1213 videatur,
1373 1170 1494 1218 paucis
1525 1183 1566 1205 ea
1598 1170 1641 1205 de
1669 1183 1707 1205 re

64 1238 268 1286 exposuisse
295 1238 443 1274 iuvabit.

163 1305 263 1341 Duae
288 1306 449 1353 inprimis
476 1307 575 1342 dotes
601 1311 685 1342 sunt-
706 1311 813 1353 atque
835 1305 1001 1349 virtutes,
1031 1305 1161 1352 quibus
1183 1304 1356 1340 eiusmodi
1379 1309 1541 1340 veterum
1564 1304 1707 1351 scripto-

64 1386 143 1408 rum
169 1373 354 1416 editiones,
384 1375 504 1421 quales
531 1379 616 1410 sunt
638 1373 976 1416 Tauchnitianae,
1007 1372 1216 1420 conspicuae
1239 1384 1315 1406 esse
1337 1371 1502 1414 debeant,
1533 1372 1706 1418 siquidem

65 1441 166 1476 iustis
204 1440 387 1476 hominum
423 1441 604 1477 doctrinae
640 1441 850 1476 liberalioris
887 1440 1128 1476 studiosorum
1169 1438 1353 1474 desideriis
1389 1439 1448 1474 vel
1485 1439 1708 1474 mediocriter

67 1508 309 1543 satisfacta-rae
342 1509 428 1544 sint:
467 1509 591 1552 altera,
629 1514 670 1544 ut
701 1508 746 1544 ad
778 1521 881 1544 usum
913 1508 986 1543 sint
1017 1519 1124 1554 quam
1157 1505 1438 1542 commodissime
1470 1511 1706 1554 comparatae;

65 1575 188 1618 altera,
217 1580 256 1610 ut
278 1576 388 1611 verba
410 1576 621 1624 scriptorum
642 1589 714 1612 non
740 1576 844 1611 modo
866 1581 958 1610 recte
981 1580 1016 1610 et
1038 1579 1209 1617 accurate,
1233 1573 1294 1609 sed
1317 1573 1423 1608 etiam
1445 1573 1629 1608 emendate
1651 1573 1706 1608 de-

65 1642 194 1689 scripta
222 1643 424 1678 exhibeant.
477 1643 600 1690 Itaque
625 1656 690 1679 nos
717 1655 857 1690 quoque
884 1643 920 1678 id
947 1642 1096 1691 egimus,
1130 1647 1170 1677 ut
1191 1641 1293 1676 Plato
1320 1645 1440 1676 noster
1468 1645 1618 1687 utroque
1641 1640 1707 1676 hoc

64 1709 205 1744 nomine
242 1709 354 1745 doctis
390 1711 593 1746 hominibus
630 1723 737 1758 quam
772 1710 926 1745 maxime
958 1710 1035 1744 fieri
1067 1714 1186 1757 posset
1217 1708 1439 1756 probaretur.
1494 1706 1598 1751 Quod
1637 1719 1708 1754 qua

48 1767 199 1812 'ratione
228 1777 468 1813 studuerimus
497 1779 647 1821 efficere,
674 1777 832 1813 breviter
860 1777 1016 1812 indicare
1043 1789 1116 1812 non
1145 1776 1213 1811 erit
1241 1787 1554 1823 supervacaneum.

164 1843 286 1891 Itaque
314 1845 466 1892 primum
497 1845 653 1892 quidem,
682 1851 721 1880 ut
749 1844 976 1880 exordiamur
1003 1844 1046 1879 ab
1073 1856 1128 1887 eo,
1156 1842 1251 1890 quod
1273 1842 1339 1877 etsi
1361 1854 1424 1889 per
1446 1854 1482 1877 se
1505 1842 1620 1877 levius
1643 1847 1706 1885 est,

64 1916 181 1947 tamen
204 1911 249 1946 ad
270 1912 609 1947 commendationem
636 1912 732 1947 haud
754 1924 838 1947 sane
863 1924 990 1959 parum
1015 1911 1135 1947 valere
1162 1910 1391 1952 arbitramur,
1425 1914 1506 1944 ante
1530 1909 1649 1944 omnia
1671 1909 1707 1944 id

64 1991 206 2026 operam
234 1978 408 2022 dedimus,
437 1985 477 2014 ut
498 1979 600 2015 Plato
627 1992 702 2015 sese
729 1979 923 2028 legentium
946 1978 1137 2014 commodjs
1160 1983 1195 2013 et
1218 1976 1433 2012 utilitatibus
1455 1981 1636 2023 tamquam
1659 1978 1706 2011 of—

63 2046 181 2081 ficiose
217 2046 495 2082 accommodaret
530 2047 644 2094 iisque
682 2047 779 2082 omni
811 2059 882 2093 qua
914 2047 990 2081 fieri
1022 2051 1142 2093 posset
1174 2045 1311 2080 ratione
1344 2044 1438 2079 ultro
1471 2056 1512 2078 ac
1544 2043 1707 2078 lubenter

63 2113 260 2149 inserviret.
311 2112 413 2157 Quod
431 2114 573 2160 quidem
592 2127 664 2149 non
682 2127 754 2149 uno
771 2114 876 2149 modo
894 2114 1058 2150 videmur
1076 2112 1285 2159 consequuti
1305 2123 1391 2147 esse.
1443 2110 1533 2146 Nam
1553 2110 1707 2145 Tauch-

63 2180 195 2215 nitius
223 2181 366 2227 quidem
394 2182 511 2228 ipsum
539 2195 611 2217 non
639 2181 744 2217 modo
772 2181 900 2216 litteris
928 2181 1150 2216 nitidissimis
1177 2185 1283 2226 atque
1307 2179 1387 2214 visu
1409 2178 1573 2213 iucundis
1595 2177 1706 2212 defor-

62 2248 150 2282 mari
173 2249 326 2292 curavit,
354 2261 479 2284 verum
501 2249 607 2284 etiam
630 2249 733 2284 iussit
755 2249 855 2284 varia
877 2249 991 2296 specie
1015 2254 1120 2295 atque
1142 2249 1256 2283 forma
1277 2246 1453 2294 insignem
1471 2245 1521 2280 ita
1538 2245 1575 2279 in
1594 2245 1706 2292 publi-

63 2327 139 2349 cam
159 2315 273 2350 lucem
294 2316 496 2363 procedere,
524 2322 564 2351 ut
582 2329 689 2363 quam
706 2316 942 2363 plurimorum
959 2315 1157 2350 rationibus
1177 2313 1429 2349 consuleretur.
1482 2311 1573 2347 Nam
1594 2311 1706 2347 doctis

62 2381 279 2426 hominibus,
307 2383 368 2429 qui
394 2383 646 2430 philosophum
672 2383 805 2419 vellent
827 2383 894 2418 sibi
918 2383 1011 2417 inter
1033 2381 1151 2417 studia
1173 2393 1238 2416 sua
1260 2392 1372 2427 usque
1400 2385 1580 2427 promtum
1607 2390 1706 2426 para-

61 2454 206 2496 tumque
235 2449 370 2492 adesse,
398 2456 578 2497 tamquam
603 2451 790 2493 famulum,
818 2450 1011 2486 destinavit
1034 2449 1110 2484 eius
1133 2461 1241 2496 opera
1267 2460 1339 2483 uno
1366 2446 1547 2483 volumine
1573 2447 1706 2481 formae

62 2516 203 2551 maioris
233 2517 493 2564 comprehensa.
547 2517 658 2553 Porro
689 2530 811 2553 eorum
838 2517 1034 2560 desideriis,
1062 2516 1124 2563 qui
1153 2515 1311 2564 singulos
1341 2515 1416 2549 eius
1445 2513 1567 2555 libros,
1594 2524 1706 2559 parvo

61 2583 234 2630 parabiles
257 2584 315 2619 vel
337 2596 445 2619 manu
467 2585 568 2619 facile
594 2585 812 2627 tractabiles,
839 2584 1018 2632 possidere
1045 2588 1227 2631 cuperent,
1257 2582 1307 2617 ita
1333 2581 1471 2616 studuit
1493 2580 1704 2621 satisfacere,

62 2654 102 2684 ut
123 2655 237 2685 totum
260 2651 348 2686 illud
370 2664 516 2698 operum
539 2652 788 2688 universorum
811 2664 937 2700 corpus
959 2652 997 2686 in
1018 2657 1096 2687 octo
1119 2650 1303 2687 volumina
1325 2650 1455 2684 formae
1479 2645 1625 2682 minoris
1648 2644 1704 2680 de-
