2050 3084
201 1311 226 1329 46

246 181 295 205 544

231 259 233 265 '
249 256 280 285 τὸ
302 255 354 308 γὰρ
377 254 448 285 ἐντὸς
470 252 540 290 ἧμῶν
558 251 671 288 ἀδελφὸν
689 251 720 280 ὂν
737 264 833 280 τουτου
849 250 902 288 πῦρ
920 252 1048 289 εἱλικρινὲς

251 300 377 332 ἐποίησαν
403 296 444 323 διὰ
472 295 523 323 τῶν
549 292 672 331 όμματων
698 297 752 331 ῥεῖν
777 295 846 321 λεῖον
871 294 915 320 καὶ
942 293 1046 326 πυκνόν,

251 341 312 367 ολον
331 340 388 375 μέν,
410 336 524 373 μάλιστα
547 337 573 364 δὲ
594 335 624 364 τὸ
645 338 727 372 μέσον
749 334 952 372 ξυμπιλήσαντες
975 341 979 355 ¹
998 336 1049 363 τῶν

251 379 384 428 ὀμμάτων,
407 390 468 410 ωςτε
488 377 520 406 τὸ
539 380 587 415 μέν
609 376 671 406 αλλο
695 376 761 405 ὅσον
781 388 929 413 παχυτερον
951 379 1049 415 στέγειν

249 423 316 454 πᾶν,
343 421 372 449 τὸ
401 421 520 448 τοιοῦτον
547 421 573 447 δὲ
598 418 681 467 μόνοι
703 417 766 447 αὐτὸ
790 418 915 456 καθαρὸν
939 420 1048 466 διηθεῖν.

251 463 315 492 ὅταν
337 464 382 491 οὖν
401 461 577 499 μεθημερινὸν
594 462 611 498 ᾖ
628 461 684 497 φῶς
700 472 759 497 περι
777 460 806 489 τὸ
824 460 869 496 τῆς
886 459 972 498 ὅψεως
989 461 1048 499 ῥεῦ-

249 518 298 543 μα,
321 502 374 533 τότ’
391 508 516 532 ἐκπῖπτον
533 502 626 540 ὅμοιον
642 502 710 539 πρὸς
727 502 831 539 ὅμοιον,
855 505 986 552 ξυμπαγές
1002 514 1046 541 γε-

251 546 370 584 νόμενον,
398 558 423 573 ει
446 545 521 582 σῶμα
544 545 681 573 οἶκειωθὲν
703 547 813 580 συνέστη
838 544 905 572 κατὰ
931 544 976 580 τὴν
999 544 1050 572 τῶι

251 588 374 625 ὀμματων
391 586 548 624 ευθυωρίαν,
568 587 670 624 ὅπηπερ
687 585 823 624 ἀντερείδει
837 586 868 615 τὸ
883 590 1049 624 προςπῖπτον

251 631 361 659 ἔνδοθεν
382 629 448 667 πρὸς
470 628 486 657 ὅ
507 630 558 657 τῶν
580 630 627 660 ἔξω
650 631 796 657 συνέπεσεν.
825 627 992 665 ὁμοιοπαθὲς
1019 628 1048 663 δὴ

251 671 280 700 δι’
302 670 443 708 ὁμοιότητα
464 672 518 699 πᾶν
538 670 688 709 γενόμενον,
712 682 776 699 στου
796 682 824 699 τε
847 669 879 698 ἂν
901 669 966 699 αὐτό
983 682 1048 699 ποτε

251 714 397 751 ἐφάπτηται
413 714 457 741 καὶ
475 712 490 741 ο“
509 712 541 741 ἇν
559 719 563 733 ¹
584 712 646 741 ἄλλο
666 715 773 745 ἐκείνου,
797 724 897 741 τουτων
914 712 961 744 τὰς
977 712 1046 748 κινή-

251 767 304 788 σεις
325 755 440 784 διαδιδὸν
460 755 496 787 εἰς
519 767 590 783 απαν
611 754 641 783 τὸ
661 755 736 796 σῶμα
753 758 826 804 μέχρι
844 754 888 789 τῆς
904 754 988 806 ψυχῆς
1006 757 1046 782 αἴ-

250 802 352 834 σθησιν
372 800 518 835 παρέσχετο
541 796 646 832 ταύτην,
671 798 687 833 ᾖ
710 796 739 832 δὴ
762 795 828 834 ὃρᾶν
848 799 940 846 φαμέν.
968 794 1046 825 ἇπελ-

250 839 351 871 θόντος
373 841 399 868 δὲ
420 840 457 870 εἰς
478 839 555 867 νύκτα
579 839 627 867 τοῦ
645 839 783 877 ξυγγενοῦς
799 838 883 876 πυρὸς
900 837 1046 875 ἇποτέτμη-

250 893 303 911 ται·
328 882 395 919 πρὸς
410 881 462 920 γὰρ
481 879 607 918 ἆνόμοιον
625 881 693 912 ἐξιὸν
711 879 861 909 αλλοιοῧταί
876 893 903 908 τε
923 878 987 909 αὐτὸ
1006 881 1049 908 καὶ

250 925 461 961 κατασβέννυται,
479 925 592 960 ξυμφυὲς
609 921 693 951 οὐκέτι
709 923 745 959 τῷ
762 924 874 958 πλησιον
889 921 943 959 ἆέρι
957 921 1047 961 γιγνό-

248 978 339 1004 μενον,
363 977 407 994 ατε
425 977 477 1002 πυρ
496 977 542 993 ουκ
561 966 651 1000 ἔχοντι.
677 964 790 993 παύεταί
805 976 832 993 τε
851 965 897 993 οὖν
915 963 994 1002 ὁρῶν,
1015 965 1049 992 ἔτι

250 1020 277 1037 τε
305 1007 442 1046 ἐπαγωγὸν
466 1006 551 1035 ὕπνου
575 1009 700 1045 γίγνεται·
735 1008 864 1056 σωτηρίαν
889 1006 941 1045 γὰρ
967 1006 997 1042 ἢν
1025 1007 1050 1035 οἱ

251 1051 315 1079 θεοῖ
335 1050 380 1086 τῆς
401 1048 488 1087 ὄψεως
509 1048 716 1086 ἐμηχανήσαντο,
742 1048 788 1083 τὴν
814 1049 865 1077 τῶν
887 1055 892 1069 ¹
916 1047 1051 1086 βλεφάρωι

250 1091 338 1129 φύσιν,
357 1090 422 1120 ὅταν
437 1091 522 1120 ταῦτα
539 1090 666 1129 ξυμμύσῃ,
685 1092 857 1128 καθείργνυσι
874 1090 919 1126 τὴν
937 1091 984 1119 τοῦ
999 1103 1048 1118 πυ-

251 1134 297 1173 ρὸς
319 1133 390 1166 ἐντὸς
411 1132 529 1171 δύναμιν,
555 1132 572 1168 ἡ
594 1134 621 1161 δέ
643 1134 727 1168 διαχεῖ
747 1145 774 1161 τε
795 1134 839 1160 καὶ
861 1131 982 1170 ὅμαλύνει
1005 1132 1052 1164 τὰς

252 1176 323 1208 ἐντὸς
339 1174 460 1211 κινήσεις,
481 1174 682 1213 όμαλυνθεισῶν
703 1176 730 1203 δέ
746 1174 840 1210 ἡσυχία
857 1177 983 1214 γίγνεται,
1005 1186 1049 1213 γε-

251 1221 358 1256 νομένης
383 1219 412 1247 δὲ
436 1217 533 1253 πολλῆς
556 1220 604 1255 μὲν
628 1216 737 1252 ἡσυχίας
763 1216 947 1255 βραχυόνειρος
970 1216 1052 1248 ὕπνος

253 1263 381 1298 ἐμπίπτει,
403 1259 631 1297 καταλειφθεισῶν
648 1260 676 1287 δέ
692 1271 767 1287 τινων
783 1258 906 1294 κινήσεων
921 1258 1051 1296 μειζόνων,

253 1307 307 1332 οἷαι
323 1303 367 1330 καὶ
384 1305 411 1331 ἐν
428 1304 493 1333 οἵοις
511 1301 543 1330 ἂν
559 1300 652 1332 τόποις
671 1303 820 1334 λείπωνται,
843 1305 857 1319 *
878 1301 987 1330 τοιαῦτα
1009 1302 1052 1329 καὶ

252 1345 370 1374 τοσαῦτα
401 1347 566 1382 παρέσχοντο
599 1341 806 1381 ἇφομοιωθέντα
839 1343 910 1374 ἐντὸς
945 1344 992 1375 ἔξω
1024 1355 1051 1371 τε

252 1390 400 1440 ηερθεῖσιν
418 1384 682 1424 ἇπομνημονευομεια
700 1398 884 1424 φαντασματα.
909 1385 939 1413 τὸ
959 1386 987 1413 δὲ
1004 1397 1050 1413 πε-

251 1431 277 1467 ρὶ
299 1429 344 1466 τὴν
364 1430 416 1458 τῶν
436 1428 590 1467 κατόπτρων
611 1429 802 1462 εἰδωλοποιίαν,
829 1442 873 1457 και
894 1440 981 1457 πιιντα
1000 1427 1052 1457 ὅσα

252 1473 351 1509 ἐμφανῆ
373 1472 416 1499 καὶ
438 1473 506 1504 λεῖα,
529 1472 640 1499 κατιδεῖν
658 1469 760 1500 ουδὲν’
751 1484 787 1499 ετι
802 1470 928 1507 χαλεπόν·
957 1474 983 1499 ἐκ
1000 1471 1052 1510 γὸιρ

251 1514 296 1550 τῆς
318 1513 389 1545 ἐντὸς
411 1512 483 1545 ἐκτός
503 1525 530 1542 τε
548 1513 595 1542 τοῦ
602 1513 696 1566 πυρὸς
712 1515 835 1551 ἑκατέρου
852 1516 985 1545 κοινωνίας
1003 1511 1049 1541 ἆλ-

251 1556 347 1591 ληλοις,
369 1554 427 1587 ἑνός
447 1567 475 1584 τε
497 1556 530 1584 αὖ
551 1567 611 1593 περι
631 1556 677 1590 τὴν
697 1554 815 1591 λειότητα
833 1554 958 1584 ἑκαστοτε
975 1567 1050 1594 γενο-

249 1601 329 1636 μένου
354 1599 398 1626 καὶ
423 1597 542 1635 πολλαχῇ
571 1600 867 1636 μεταῤῥυθμισθέντος,
899 1598 987 1626 πάντα
1018 1597 1052 1626 τὰ

251 1640 360 1669 τοιαῦτα
383 1646 388 1661 ¹
411 1643 439 1672 ἐξ
460 1638 573 1693 οἷναγκης
594 1641 755 1677 ἐμφαίνεται,
779 1641 826 1669 τοῦ
844 1652 903 1678 περι
920 1640 950 1668 τὸ
969 1638 1049 1678 πρός-

252 1695 325 1711 ωπον
346 1682 428 1720 πυρός
446 1683 480 1719 τῷ
498 1683 557 1720 περὶ
574 1694 619 1717 την
637 1681 700 1734 ὄψιν
717 1683 779 1720 πυρὶ
795 1694 855 1720 περι
872 1682 903 1711 τὸ
922 1685 992 1711 λεῖον
1009 1694 1051 1710 και

251 1724 372 1762 λαμπρὸν
393 1724 555 1776 ξυμπαγοῦς
565 1726 730 1762 γιγνομένου,
753 1724 824 1756 δεξια
847 1725 874 1753 δέ
893 1723 1051 1777 φανταζεται

251 1767 284 1795 τὰ
303 1765 434 1820 ἀριστερά,
454 1766 494 1795 ὅτι
511 1770 567 1798 τοῖς
584 1768 708 1798 ἐναντίοις
722 1768 815 1816 μέρεσι
828 1766 873 1802 τῆς
890 1765 976 1804 όψεως
993 1779 1050 1803 περι

251 1808 375 1837 τάναντία
391 1811 455 1846 μέρη
468 1811 583 1847 γίγνεται
598 1808 685 1845 ἐπαφὴ
699 1808 772 1846 παρὰ
788 1808 818 1837 τό
834 1808 970 1840 καθεστὸς
985 1810 1051 1840 ἔθος

250 1851 296 1887 τῆς
312 1851 466 1889 προςβολῆς
495 1850 565 1883 δεξιὰ
588 1851 616 1879 δὲ
636 1850 669 1879 τὰ
692 1849 795 1882 assui*
779 1863 795 1886 η
813 1852 857 1879 καὶ
874 1850 906 1879 τὰ
926 1849 1050 1888 ἀριστερά

251 1892 376 1931 ἀριστερὰ
393 1891 550 1926 τουναντίον,
569 1892 634 1921 ὅταν
649 1895 784 1930 μεταπέσῃ
802 1892 1013 1931 ξυμπηγ-ηἱμενον
1031 1894 1051 1929 ‘f'

251 1934 430 1973 συμπήγνυται
449 1941 453 1955 ¹
471 1935 538 1971 φῶς
565 1934 644 1964 τοῧτο
663 1934 733 1967 δέ,“’
715 1947 781 1964 οταν
796 1948 812 1970 η
829 1936 880 1963 τῶν
897 1934 1051 1972 κατόπτρων

250 1977 360 2013 λειότης,
383 1978 461 2005 ἔνθεν
482 1990 525 2005 και
548 1978 626 2005 ἔνθεν
641 1976 696 2014 ὕψη
713 1977 841 2027 λαβοῦσα,
864 1977 894 2006 τὸ
914 1977 998 2009 δεξιὸν
1015 1977 1051 2008 εἷς

250 2019 279 2048 τὸ
308 2017 445 2057 ἀριστερὸν
469 2022 548 2057 μέρος
575 2017 670 2056 ἆπώσῃ
695 2019 740 2055 τῆς
761 2018 848 2057 ὅψεως
870 2032 913 2047 και
931 2018 1050 2057 θάτερον

251 2063 292 2089 ἐπι
314 2061 439 2110 θάτερον.
471 2073 538 2089 κατα
561 2062 588 2089 δέ
609 2060 640 2090 τὸ
661 2061 744 2098 μῆκος
766 2064 882 2099 στραφὲν
903 2061 950 2090 τοῦ
967 2072 1048 2098 προς-

250 2103 324 2133 ώπου
350 2102 445 2131 ταυτὸν
470 2103 549 2132 τοῦτο
575 2102 668 2132 ὕπτιον
691 2105 797 2139 ἐποίησε
817 2116 872 2132 παν
893 2105 1048 2153 φαίνεσθαι,

250 2146 280 2174 τὸ
304 2145 373 2174 κάτω
395 2145 462 2183 πρὸς
483 2145 512 2173 τὸ
537 2144 589 2173 α’νω
611 2145 655 2180 τῆς
677 2143 757 2187 αυγῆς
778 2145 809 2174 τό
826 2144 847 2174 τ’
865 2144 917 2174 ἅνω
935 2146 1002 2183 πρὸς
1019 2145 1049 2174 τὸ

251 2187 320 2216 κάτω
341 2187 420 2215 πάλιν
442 2185 560 2215 ἇπώσαν.
587 2186 657 2216 ταῦτ
678 2188 726 2216 οὖν
741 2187 829 2216 πάντα
848 2189 903 2217 ἐστὶ
921 2188 971 2216 τῶν
989 2190 1048 2219 ξυν-

251 2231 350 2262 αιτίων,
373 2227 412 2260 οἷς
433 2229 500 2261 θεὸς
520 2228 678 2268 ὑπηρετοῦσι
698 2229 791 2268 χρῆται
812 2229 858 2265 τὴν
874 2230 923 2259 τοῦ
940 2228 1050 2268 ἀρίστου

250 2271 317 2300 κατὰ
334 2271 365 2300 τὸ
385 2271 495 2300 δυνατὸν
512 2272 582 2300 ἷδέαν
600 2278 604 2292 ¹
625 2270 768 2300 ἀποτελῶν·
797 2272 931 2305 δοξάζεται
949 2273 976 2300 δὲ
996 2271 1049 2301 ὑπὸ

249 2313 301 2343 τῶν
321 2315 449 2342 πλείστων
470 2325 502 2342 ου
523 2315 638 2345 ξυναίτια
661 2312 714 2342 αλλ’
735 2317 804 2343 αἴτια
827 2312 892 2343 εἶναι
913 2314 964 2343 τῶν
981 2313 1048 2342 πᾶν-

249 2368 313 2389 των,
334 2366 454 2393 ψυχοντα
475 2368 519 2383 και
541 2358 719 2393 θερμαίνοντα
735 2355 868 2395 mmuh-m
885 2368 913 2385 τε
930 2357 974 2385 καὶ
992 2357 1048 2384 δια-

247 2401 343 2435 χέοντα
364 2399 408 2426 καὶ
432 2397 484 2426 ὅσα
501 2398 611 2426 τοιαῦτα
629 2396 833 2437 απεργαζόμενα.
859 2398 940 2438 λόγον
958 2399 984 2427 δὲ
1003 2411 1048 2427 ον-

251 2442 310 2469 δένα
333 2438 393 2469 οὔδε
414 2440 477 2468 νοῦν
498 2440 534 2471 εἷς
552 2439 626 2468 οὐδὲν
643 2440 774 2469 omani*
759 2453 824 2477 εχειν
841 2443 903 2470 ἐστί.
930 2442 981 2469 τῶν
997 2453 1049 2479 γαρ

251 2482 334 2511 ὄντων
351 2494 371 2510 ω
388 2482 450 2531 νοῦν
465 2481 537 2520 μόνῳ
555 2482 675 2511 κτᾶσθαι
691 2482 819 2521 προςήκει,
837 2485 938 2512 λεκτέον
952 2482 1048 2521 ψυχήν·

250 2537 329 2553 τουτο
352 2511 379 2552 δέ
402 2522 529 2562 αόρατον,
551 2524 604 2562 πῦρ
626 2525 653 2553 δέ
673 2526 717 2553 καὶ
737 2525 805 2563 ὕδωρ
827 2526 871 2553 καὶ
886 2525 920 2564 γῆ
937 2526 981 2553 καὶ
999 2523 1048 2575 ἇηρ

251 2566 361 2604 σώματα
378 2565 466 2594 πάντα
484 2565 568 2604 ὁρατὰ
585 2569 683 2605 γέγονε.
709 2566 757 2595 τὸν
774 2568 801 2596 δὲ
818 2568 866 2596 νοῦ
883 2568 926 2596 καὶ
942 2566 1047 2603 ἐπιστή-

250 2620 299 2646 μης
321 2608 432 2646 ἐραστὴν
453 2606 552 2647 ανιὶγκη
572 2608 620 2640 τὰς
640 2609 685 2645 τῆς
706 2610 835 2647 ἔμφρονος
855 2621 959 2646 φυσεως
981 2615 985 2630 ¹
1004 2609 1047 2637 αἶ-

251 2653 307 2682 dus·
323 2662 428 2688 πρωτας
443 2649 619 2689 μεταδιωκειν,
647 2663 709 2680 οσαι
730 2652 758 2680 δὲ
777 2650 820 2680 ‘mx'
842 2650 925 2680 αλλων
945 2654 991 2689 μὲν
1008 2664 1046 2680 κι-

253 2696 390 2729 νουμένων,
418 2694 491 2731 ἕτερα
513 2691 538 2721 δ’
559 2695 587 2726 ἐξ
608 2691 721 2732 ἇνοὶγκης
745 2692 882 2723 κινούντων
906 2696 1047 2733 γίγνονται,

921 172 1217 200 PLATONIS

1100 251 1237 303 δευτέρας.
1252 255 1374 287 ποιητέον
1395 253 1425 289 δὴ
1447 254 1513 282 κατὰ
1537 253 1619 283 ταῦτα
1643 254 1687 281 καὶ
1712 252 1780 290 ἦμῖν·
1808 255 1896 282 λεκτέα

1098 295 1146 330 μὲν
1164 291 1299 330 ἀμφότερα
1317 294 1349 322 τὰ
1368 296 1419 323 τῶν
1437 296 1525 324 αἰτιῶν
1541 309 1585 334 γει
1587 309 1612 331 η,
1629 297 1708 333 χωρις
1725 294 1786 323 δέ“’
1769 307 1832 323 οσαι
1847 306 1895 332 με-

1100 334 1132 362 τὰ
1151 335 1199 362 νοῦ
1216 335 1300 362 καλῶν
1317 337 1360 363 καὶ
1379 335 1492 386 ἀγαθῶν
1510 339 1663 389 δημιοῑργοι
1675 339 1718 365 καὶ
1734 337 1796 365 ὅσαι
1809 348 1895 374 μονω-

1102 379 1195 404 θεῖσαι
1213 376 1363 413 φρονήσεως
1379 377 1408 406 τὸ
1427 379 1505 414 τυχὸν
1523 379 1636 407 ‹imum›
1650 378 1774 407 ἑκάστοτε
1790 377 1895 417 ἐξεργά-

1101 421 1195 450 ζονται.
1221 418 1254 446 τὰ
1271 421 1318 455 μέν
1336 420 1382 447 οὖν
1399 420 1449 447 τῶν
1467 419 1590 457 ὀμμάτων
1604 423 1769 458 ξυμμεταίτια
1784 421 1851 458 πρὸς
1864 420 1895 449 τὸ

1102 462 1166 495 ἔχειν
1182 459 1228 495 τὴν
1246 459 1393 497 δύναμιν,
1377 473 1408 496 ην
1425 462 1470 489 νῦν
1487 465 1590 498 εἴληχεν,
1608 462 1738 500 εἰρήσθω·
1760 462 1790 490 τὸ
1810 463 1836 490 δε
1850 465 1895 499 με’-

1099 513 1192 540 γιστον
1218 500 1302 530 αυτῶν
1327 502 1363 533 εἷς
1388 501 1523 552 ὠφέλειαν
1539 517 1625 542 εργον,
1653 503 1682 532 δι
1705 504 1720 532 5
1743 504 1809 535 θεὸς
1831 502 1895 532 αυθ

1101 543 1160 580 ημῖν
1182 547 1195 561 *
1217 542 1368 581 δεδωρηται,
1389 545 1454 581 μετὰ
1476 545 1554 574 τοῦτο
1577 549 1672 584 ῥητέον.
1701 546 1762 583 ὄψις
1783 546 1813 581 δὴ
1831 545 1897 574 κατὰ

1100 585 1147 613 τὸν
1169 584 1230 623 ἐμὸν
1251 584 1332 623 λόγον
1354 586 1424 614 αἰτία
1446 587 1490 622 τῆς
1509 589 1630 625 μεγίστης
1651 587 1773 624 ὠφελείας
1793 590 1899 626 γέγονεν

1100 626 1172 664 ἡμῖν,
1195 626 1235 655 ὅτι
1256 627 1307 655 τῶν
1327 627 1373 655 νῦν
1393 627 1478 666 λόγων
1497 630 1557 666 περὶ
1578 630 1626 658 τοῦ
1642 630 1741 661 παντὸς
1757 632 1899 668 λεγομένων

1102 668 1185 700 ουδεὶς
1207 681 1239 697 αν
1259 681 1325 698 ποτε
1347 669 1447 708 ἐρρήθη
1467 669 1530 707 μήτε
1553 670 1638 709 ἄστρα
1658 670 1721 709 μήτε
1742 671 1814 707 ἣλιον
1835 670 1898 708 μήτε

1101 710 1215 749 οὐρανὸν
1237 710 1352 740 ἰδόντων
1378 711 1424 740 νῦν
1445 710 1469 739 δ
1490 711 1570 750 ἡμέρα
1591 725 1618 741 τε
1639 726 1681 741 και
1705 713 1750 745 νὺξ
1768 712 1900 750 ὁφθεῖσαι

1099 754 1174 790 μῆνες
1191 765 1218 781 τε
1236 765 1279 781 και
1298 753 1419 782 ἐνιαυτῶν
1435 755 1553 791 περίοδοι
1569 754 1759 804 μεμηχάνηνται
1774 758 1821 793 μὲν
1840 754 1897 792 ἀρι-

1101 795 1187 832 θμόν,
1207 794 1306 833 χρόνου
1324 796 1384 823 δὲ”
1369 808 1470 824 εννοιαν
1486 798 1546 838 περί
1561 808 1588 824 τε
1606 798 1650 831 τῆς
1666 797 1714 826 τοῦ
1731 797 1831 829 παντὸς
1847 796 1897 834 φύ-

1101 849 1166 869 σεως
1183 836 1285 873 ζήτησιν
1307 838 1413 866 ἔδοσαν
1442 841 1468 870 ἐξ
1486 839 1521 866 ὧν
1537 838 1724 888 ἐπ-ορισαμεθα
1741 841 1901 876 φιλοσοφίας

1099 882 1184 918 γένος,
1207 891 1240 908 ου
1259 881 1347 917 μεῖζον
1364 878 1475 918 αγαθὸν
1491 878 1544 909 οὔτ’
1560 881 1643 916 ἢλθεν
1662 887 1666 901 ¹
1686 879 1748 909 ουθ’
1764 880 1818 916 ἥξει
1834 883 1900 910 ποτὲ

1100 922 1136 958 τῷ
1153 921 1244 959 θνητῷ
1259 923 1326 960 γένει
1345 922 1465 960 δωρηθέν
1483 926 1509 950 ἐκ
1527 922 1606 950 θεῶν.
1625 925 1689 961 λέγω
1707 923 1737 958 δὴ
1754 923 1833 952 τοῦτο
1849 921 1898 961 ὀμ-

1099 975 1189 1001 ματων
1203 966 1328 1005 μέγιστον
1346 962 1466 1002 ἇγαθόν·
1484 965 1565 993 τᾶλλα
1583 964 1652 997 δέ,“’
1637 977 1689 993 οσα
1708 964 1810 998 ἐλάττω,
1829 967 1855 994 τί
1868 964 1900 994 ἂν

1100 1004 1236 1043 ὖμνοῒμεν;
1263 1007 1299 1034 ὡν
1321 1004 1336 1034 5
1357 1006 1392 1043 μὴ
1413 1005 1562 1055 φιλόσοφος
1578 1008 1727 1043 τυφλωθεις
1745 1005 1901 1057 ὀδυρόμενος

1103 1060 1134 1075 αν
1156 1051 1256 1101 θρηιοῖ
1274 1047 1366 1085 μάτην.
1393 1046 1458 1076 αλλὰ
1479 1048 1575 1077 τούτου
1600 1051 1720 1087 λεγέσθω
1745 1047 1806 1087 παρ’
1830 1048 1901 1086 ἤμων

1922 553 1947 572 4¹1

1103 1102 1167 1125 αντη
1194 1090 1235 1118 ἐπὶ
1261 1090 1343 1118 ταῦτα
1366 1090 1447 1123 αιτία,
1476 1090 1544 1119 θεὸν
1564 1090 1624 1128 ἡμῖν
1645 1090 1760 1129 ανευρεῖν
1781 1091 1899 1129 δωρήσα-
1917 1083 1937 1113 3'

1104 1133 1176 1160 σθαί
1195 1144 1222 1160 τε
1245 1131 1319 1169 ὄψιν,
1341 1134 1383 1160 ἳνα
1401 1144 1448 1164 τας
1465 1136 1492 1161 ἐν
1509 1131 1611 1170 οὐρανῷ
1628 1133 1675 1162 τοῦ
1693 1134 1739 1162 νοῦ
1756 1133 1903 1165 κατιδόντες

1103 1172 1240 1211 περιόδους
1263 1176 1434 1211 χρησαίμεθα
1463 1175 1504 1203 ’ὅτι
1529 1175 1576 1207 τὰς
1604 1175 1750 1213 περιφορὰς
1781 1175 1828 1207 τὰς
1858 1176 1902 1211 τῆς

1103 1214 1164 1253 παρ’
1181 1215 1241 1253 ἡμῖν
1258 1216 1422 1251 διαιοήσεως,
1441 1219 1570 1255 ξυγγενεῖς
1587 1219 1692 1249 ἐκείναις
1707 1224 1711 1238 ¹
1728 1229 1818 1250 ουσας,
1835 1216 1900 1246 ἆτα-

1104 1269 1209 1295 ρακτοις
1222 1260 1435 1307 τεταραγμένας,
1463 1258 1626 1296 ἐκμαθόντες
1651 1260 1678 1288 δὲ
1703 1260 1747 1287 καὶ
1772 1260 1903 1298 λογισμῶν

1103 1312 1170 1328 κατα
1191 1299 1271 1336 φύσιν
1290 1298 1444 1350 ὀρθότητος
1467 1299 1653 1338 μετασχόντες,
1677 1301 1832 1339 μιμούμενοι
1856 1302 1903 1333 τὰς

1104 1342 1152 1370 τοῦ
1170 1342 1240 1370 θεοῦ
1257 1341 1361 1374 πάντως
1379 1340 1501 1374 απλανεῖς
1519 1354 1602 1374 ουσας
1617 1342 1665 1375 τὰς
1683 1346 1709 1372 ἐν
1726 1341 1786 1381 ἧμῖν
1799 1346 1900 1372 πεπλα-

1104 1386 1212 1421 νημένας
1236 1386 1483 1422 καταστησαίμεθα.
1530 1385 1619 1421 Φωνῆς
1643 1397 1671 1414 τε
1698 1385 1728 1421 δὴ
1753 1387 1797 1414 καὶ
1823 1384 1903 1422 ἆκοῆς

1103 1429 1161 1465 πέρι
1178 1425 1256 1454 πάλιν
1274 1425 1288 1455 5
1308 1425 1388 1458 αὐτὸς
1403 1425 1493 1465 λόγος,
1519 1428 1561 1455 ἐπὶ
1577 1425 1660 1456 ταῦτα
1678 1428 1729 1456 τῶν
1746 1426 1831 1456 αὐτῶν
1848 1428 1900 1457 ἕνε-

1102 1483 1136 1498 κα
1158 1468 1231 1508 παρὰ
1255 1469 1327 1497 θεῶν
1348 1469 1523 1507 δεδωρῆσθαι.
1550 1468 1629 1508 λόγος
1649 1481 1676 1498 τε
1697 1469 1749 1508 γὰρ
1771 1468 1809 1498 ἐπ’
1835 1468 1902 1499 αὕτα

1104 1512 1185 1540 ταῦτα
1204 1514 1334 1545 τέτακται.
1357 1511 1403 1547 τὴν
1399 1513 1572 1554 μεγίστην,
1559 1511 1764 1550 ξυμβαλλόμενος
1781 1512 1818 1544 εἷς
1835 1511 1902 1541 αὐτὰ

1101 1558 1226 1607 μοῖραν,
1236 1554 1304 1583 ὅσον
1329 1567 1343 1583 τ
1375 1567 1408 1583 αυ
1432 1555 1558 1591 μουσικῆς
1577 1555 1650 1592 φωνῇ
1670 1554 1809 1593 χρήσιμον,
1835 1554 1903 1593 πρὸς

1103 1595 1184 1632 ἀκοὴν
1211 1597 1282 1625 ἕνεκα
1310 1603 1314 1617 ¹
1343 1596 1468 1634 ἁρμονίας
1493 1598 1547 1625 ἐστὶ
1574 1598 1667 1626 δοθέν·
1693 1596 1710 1632 ῆ
1731 1598 1759 1625 δὲ
1781 1595 1900 1634 ἇρμονία,

1104 1641 1232 1677 ξυγγενεῖς
1255 1640 1352 1674 ἔχουσα
1370 1639 1456 1677 φορὰς
1472 1643 1530 1670 ταῖς
1548 1643 1573 1667 ἐν
1590 1638 1649 1676 ἡμῖν
1667 1640 1711 1675 τῆς
1727 1639 1811 1677 ψυχῆς
1827 1651 1899 1693 περι-

1104 1680 1185 1713 όδοις,
1213 1681 1248 1718 τῷ
1273 1681 1338 1718 μετὰ
1365 1682 1412 1710 νοῦ
1437 1684 1623 1729 προς-χρωμένῳ
1646 1680 1772 1713 Μουσαις
1793 1679 1839 1710 οὐκ
1862 1680 1899 1718 ἐφ’

1101 1722 1196 1758 ἡδονὴν
1208 1722 1328 1776 αλργον,
1355 1722 1482 1761 καθαπερ
1503 1724 1560 1756 νῦν,
1587 1728 1652 1751 εἶναι
1674 1724 1744 1752 δοκεῖ
1766 1723 1900 1761 χρήσιμος,

1103 1763 1156 1793 ἀλλ’
1174 1766 1216 1793 ἐπι
1233 1765 1280 1801 τὴν
1295 1769 1434 1804 γεγονυῖαν
1452 1769 1478 1794 ἐν
1494 1764 1555 1803 ἧμιν
1573 1778 1742 1803 αναρμοστον
1755 1766 1839 1803 ψυχῆς
1852 1778 1899 1794 πε-

1101 1808 1190 1845 ρίοδον
1207 1807 1244 1839 εἷς
1260 1807 1457 1845 κατακόσμησιν
1473 1809 1518 1836 καὶ
1535 1809 1685 1845 συμφωνίαν
1702 1807 1781 1845 ἑαυτῇ
1796 1807 1899 1846 σύμμα-

1099 1861 1148 1885 χος
1172 1848 1224 1878 υπὸ
1248 1850 1370 1878 Μουσῶν
1396 1850 1509 1879 δέδοται·
1536 1851 1580 1878 καὶ
1606 1850 1712 1888 ῥυθμὸς
1737 1862 1770 1878 αυ
1792 1850 1834 1878 διὰ
1856 1850 1901 1886 τὴν

1102 1903 1215 1929 αμετρον
1237 1895 1263 1920 ἐν
1283 1891 1343 1929 ἡμῖν
1363 1905 1407 1920 και
1426 1893 1540 1930 χαρίτων
1561 1891 1649 1920 ἐπιδεᾶ
1672 1898 1677 1913 ¹
1698 1895 1850 1931 γιγνομένην
1875 1896 1901 1920 ἐν

1101 1938 1158 1965 τοῖς
1178 1936 1309 1966 πλείστοις
1330 1935 1381 1966 ἕξιν
1398 1936 1534 1972 ἐπίκουρος
1551 1935 1594 1962 ἐπι
1610 1932 1693 1963 ταύτὰ
1709 1932 1763 1963 ὕπὸ
1781 1933 1832 1963 τῶν
1849 1933 1897 1963 αὗ-

1100 1977 1152 2004 τῶν
1177 1975 1269 2011 ἐδόθη
1313 1983 1392 2004 xvu.
1419 1977 1459 2004 Τὰ
1483 1979 1531 2014 μέν
1558 1977 1604 2005 οὖν
1624 1975 1828 2014 παρεληλυθότα
1849 1976 1901 2005 τῶν

1100 2018 1249 2056 εἷρημένων,
1267 2018 1333 2054 πλὴν
1350 2019 1477 2056 βραχέων,
1501 2019 1665 2047 ἐπιδέδεικται
1682 2018 1715 2046 τὰ
1733 2018 1775 2047 διὰ
1792 2018 1839 2047 νοῦ
1857 2020 1897 2047 δε-

1102 2061 1317 2108 ὂημιουργημένω
1345 2062 1385 2089 δεῖ
1405 2062 1431 2089 δέ
1453 2062 1497 2088 καὶ
1518 2060 1550 2088 τὰ
1573 2059 1603 2088 δι
1625 2059 1738 2101 ἇναγκης
1759 2060 1899 2099 γιγνόμενα

1100 2103 1136 2140 τῷ
1156 2102 1226 2140 λόγῳ
1248 2105 1438 2140 παραθέσθαι.
1463 2105 1601 2140 μεμιγμένη
1624 2103 1676 2141 γὰρ
1698 2103 1745 2131 οὖν
1760 2101 1776 2137 ἦ
1794 2106 1807 2121 *
1823 2102 1899 2131 τουδε

1100 2144 1148 2173 τοῦ
1169 2144 1271 2182 κόσμου
1287 2147 1386 2183 γένεσις
1403 2147 1430 2177 ἐξ
1448 2143 1560 2183 ανάγκης
1576 2157 1604 2173 τε
1621 2157 1665 2172 και
1682 2144 1730 2173 νοῦ
1747 2144 1899 2177 συστάσεως

1101 2186 1239 2225 ἐγεννήθη
1261 2199 1309 2230 νου
1326 2188 1354 2215 δὲ
1372 2198 1484 2225 αναγκης
1502 2198 1628 2225 αρχοντος
1645 2187 1681 2224 τῷ
1698 2188 1802 2215 πείθειν
1819 2185 1899 2223 αυτὴν

1100 2229 1152 2257 τῶν
1175 2231 1340 2279 γιγνομένων*
1357 2229 1390 2257 τὰ
1415 2231 1525 2258 πλεῖστα
1548 2230 1589 2257 ἐπὶ
1610 2228 1641 2257 τὸ
1664 2229 1797 2266 &Htw-tor
1818 2241 1897 2268 arur,

1100 2283 1182 2308 ταυτη
1203 2270 1270 2299 κατὰ
1291 2270 1374 2300 ταῦτα
1391 2283 1418 2300 τε
1437 2269 1466 2299 δι’
1484 2269 1596 2310 ἀναγκης
1611 2269 1754 2308 ηττωμένης
1768 2269 1822 2300 ὑπὸ
1839 2283 1896 2300 πει-

1101 2313 1172 2345 θοῦς
1193 2325 1322 2355 εμφρονος
1344 2313 1411 2342 οὕτω
1432 2311 1487 2342 κατ’
1511 2311 1594 2351 ἇρχᾶς
1618 2314 1755 2345 ξυνίστατο
1781 2311 1841 2342 τόδε
1865 2313 1896 2342 τὸ

1099 2356 1161 2384 πᾶν.
1187 2358 1216 2383 εἴ
1227 2367 1265 2387 τις
1283 2356 1329 2384 οὖν
1345 2357 1362 2393 ᾑ
1379 2358 1477 2394 γέγονε,
1496 2355 1563 2384 κατὰ
1581 2355 1663 2384 ταῦτα
1682 2354 1763 2387 ὄντως
1775 2358 1835 2406 ἐρεῖ,
1851 2367 1896 2393 μι-

1099 2400 1174 2427 κτέον
1194 2410 1238 2426 και
1258 2397 1289 2426 τὸ
1312 2398 1356 2448 τῆς
1375 2400 1540 2435 πλανωμένης
1560 2395 1629 2429 εἶδος
1649 2398 1744 2430 αἰτίας,
1770 2392 1789 2435 ᾗ
1812 2399 1899 2436 φέρειν

1099 2442 1218 2476 πέφυκεν.
1245 2441 1294 2468 ὦδε
1317 2440 1364 2468 οὗν
1383 2439 1462 2468 παλιν
1487 2438 1678 2493 dvalwqme'or',
1704 2440 1748 2467 καὶ
1773 2440 1898 2481 λαβοῦσιν

1101 2480 1186 2511 αὐτῶν
1204 2487 1208 2502 ¹
1227 2494 1326 2510 τουτων
1346 2481 1528 2520 προςήκουσαν
1549 2484 1638 2520 ἑτέραν
1659 2480 1752 2534 αρχὴν
1757 2482 1838 2514 αυθις
1855 2482 1896 2515 αὖ,

1099 2523 1226 2562 καθάπερ
1243 2525 1302 2562 περὶ
1320 2524 1370 2553 τῶν
1387 2523 1458 2557 τότε,
1481 2536 1526 2553 νυν
1544 2536 1611 2553 ουτω
1628 2524 1688 2573 περὶ
1704 2535 1804 2552 τουτων
1819 2522 1897 2552 παλιν

1101 2565 1209 2604 ἀρκτέον
1227 2564 1270 2594 ἀπ’
1288 2564 1374 2604 ἀρχῆς.
1400 2566 1446 2602 τὴν
1464 2565 1494 2602 δὴ
1511 2566 1563 2604 πρὸ
1581 2566 1626 2601 τῆς
1635 2564 1758 2615 ,οὐρανοῦ
1773 2567 1895 2604 γενέσεως

1098 2607 1182 2646 πυρὸς
1205 2607 1302 2640 ὕδατός
1327 2621 1354 2637 τε
1380 2610 1424 2636 καὶ
1451 2607 1527 2646 αέρος
1550 2609 1595 2636 καὶ
1613 2608 1662 2647 γῆς
1681 2606 1761 2644 φύσιν
1782 2610 1896 2637 θεατέον

1100 2649 1180 2687 αὐτὴν
1199 2662 1241 2678 και
1264 2650 1297 2678 τὰ
1320 2650 1372 2689 πρὸ
1394 2649 1490 2679 τούτου
1510 2649 1597 2686 πάθη.
1623 2649 1669 2678 νῦν
1684 2649 1736 2698 γὰρ
1754 2648 1837 2681 οὐδείς
1852 2661 1894 2678 πω

1098 2695 1198 2732 γένεσιν
1216 2691 1301 2721 αυτῶν
1316 2692 1464 2730 μεμήνυκεν,
1483 2690 1535 2720 ἆλλ
1552 2691 1587 2724 ὦς
1602 2691 1686 2722 εἰδόσι
1699 2691 1752 2730 πῦρ
1767 2691 1784 2721 ὅ
1796 2693 1823 2721 τί
1833 2688 1893 2721 παῖ

1928 1223 1945 1243 C

1927 1603 1945 1622 D
