<?xml version="1.0" encoding="UTF-8"?>
<!DOCTYPE html PUBLIC "-//W3C//DTD XHTML 1.0 Transitional//EN"
    "http://www.w3.org/TR/xhtml1/DTD/xhtml1-transitional.dtd">
<html xmlns="http://www.w3.org/1999/xhtml" xml:lang="en" lang="en">
 <head>
  <title>
</title>
<meta http-equiv="Content-Type" content="text/html;charset=utf-8" />
  <meta name='ocr-system' content='tesseract 3.04.00' />
  <meta name='ocr-capabilities' content='ocr_page ocr_carea ocr_par ocr_line ocrx_word'/>
</head>
<body>
  <div class='ocr_page' id='page_1' title='image "./operaomniaunovol00platuoft/operaomniaunovol00platuoft_0628.png"; bbox 0 0 2050 3084; ppageno 0'>
   <div class='ocr_carea' id='block_1_1' title="bbox 218 366 255 384">
    <p class='ocr_par' dir='ltr' id='par_1_1' title="bbox 218 366 255 384">
     <span class='ocr_line' id='line_1_1' title="bbox 218 366 255 384; baseline 0 0"><span class='ocrx_word' id='word_1_1' title='bbox 218 366 255 384; x_wconf 68' lang='lat'><strong><em>288</em></strong></span> 
     </span>
    </p>
   </div>
   <div class='ocr_carea' id='block_1_2' title="bbox 229 2133 265 2151">
    <p class='ocr_par' dir='ltr' id='par_1_2' title="bbox 229 2133 265 2151">
     <span class='ocr_line' id='line_1_2' title="bbox 229 2133 265 2151; baseline 0.028 -1"><span class='ocrx_word' id='word_1_2' title='bbox 229 2133 265 2151; x_wconf 76' lang='lat'><strong><em>‘289</em></strong></span> 
     </span>
    </p>
   </div>
   <div class='ocr_carea' id='block_1_3' title="bbox 280 157 330 184">
    <p class='ocr_par' dir='ltr' id='par_1_3' title="bbox 280 157 330 184">
     <span class='ocr_line' id='line_1_3' title="bbox 280 157 330 184; baseline -0.02 0"><span class='ocrx_word' id='word_1_3' title='bbox 280 157 330 184; x_wconf 69' lang='lat'><strong><em>⁵94</em></strong></span> 
     </span>
    </p>
   </div>
   <div class='ocr_carea' id='block_1_4' title="bbox 279 228 1082 899">
    <p class='ocr_par' dir='ltr' id='par_1_4' title="bbox 279 228 1082 899">
     <span class='ocr_line' id='line_1_4' title="bbox 280 228 1076 278; baseline -0.009 -16"><span class='ocrx_word' id='word_1_4' title='bbox 280 234 393 269; x_wconf 74' lang='grc' dir='ltr'><strong><em>τάληθὲς</em></strong></span> <span class='ocrx_word' id='word_1_5' title='bbox 414 235 505 270; x_wconf 81' lang='grc' dir='ltr'><strong><em>λε’γειι,</em></strong></span> <span class='ocrx_word' id='word_1_6' title='bbox 532 233 667 278; x_wconf 74' lang='grc' dir='ltr'><strong><em>παρθένος</em></strong></span> <span class='ocrx_word' id='word_1_7' title='bbox 688 229 751 263; x_wconf 82' lang='grc' dir='ltr'><strong><em>καλὴ</em></strong></span> <span class='ocrx_word' id='word_1_8' title='bbox 773 228 860 256; x_wconf 82' lang='grc' dir='ltr'><strong><em>καλόν.</em></strong></span> <span class='ocrx_word' id='word_1_9' title='bbox 903 234 959 256; x_wconf 91' lang='grc' dir='ltr'><strong><em>ΣΩ.</em></strong></span> <span class='ocrx_word' id='word_1_10' title='bbox 980 228 1076 259; x_wconf 80' lang='grc' dir='ltr'><strong><em>Καλῶς</em></strong></span> 
     </span>
     <span class='ocr_line' id='line_1_5' title="bbox 279 268 1074 314; baseline -0.009 -10"><span class='ocrx_word' id='word_1_11' title='bbox 279 288 317 314; x_wconf 88' lang='grc' dir='ltr'><strong><em>γε,</em></strong></span> <span class='ocrx_word' id='word_1_12' title='bbox 337 276 356 302; x_wconf 81' lang='grc' dir='ltr'><em>ὦ</em></span> <span class='ocrx_word' id='word_1_13' title='bbox 372 274 467 306; x_wconf 82' lang='grc' dir='ltr'><strong><em>Ιππία,</em></strong></span> <span class='ocrx_word' id='word_1_14' title='bbox 487 274 514 307; x_wconf 71' lang='grc' dir='ltr'><strong><em>ιη</em></strong></span> <span class='ocrx_word' id='word_1_15' title='bbox 534 274 579 300; x_wconf 76' lang='grc' dir='ltr'><strong><em>τὸν</em></strong></span> <span class='ocrx_word' id='word_1_16' title='bbox 596 284 667 303; x_wconf 71' lang='lat' dir='ltr'>murt,</span> <span class='ocrx_word' id='word_1_17' title='bbox 686 283 729 298; x_wconf 83' lang='grc' dir='ltr'><strong><em>και</em></strong></span> <span class='ocrx_word' id='word_1_18' title='bbox 747 269 822 298; x_wconf 57' lang='grc' dir='ltr'><strong><em>ευδόῖ</em></strong></span> <span class='ocrx_word' id='word_1_19' title='bbox 809 281 857 301; x_wconf 89' lang='grc' dir='ltr'><strong><em>ως</em></strong></span> <span class='ocrx_word' id='word_1_20' title='bbox 875 268 1008 306; x_wconf 73' lang='grc' dir='ltr'><strong><em>ἀπεκρίνω.</em></strong></span> <span class='ocrx_word' id='word_1_21' title='bbox 1028 269 1074 297; x_wconf 79' lang='grc' dir='ltr'><strong><em>ἆλ-</em></strong></span> 
     </span>
     <span class='ocr_line' id='line_1_6' title="bbox 280 311 1076 352; baseline -0.006 -8"><span class='ocrx_word' id='word_1_22' title='bbox 280 321 310 345; x_wconf 86' lang='grc' dir='ltr'><strong><em>λο</em></strong></span> <span class='ocrx_word' id='word_1_23' title='bbox 329 329 352 344; x_wconf 89' lang='grc' dir='ltr'><strong><em>τι</em></strong></span> <span class='ocrx_word' id='word_1_24' title='bbox 371 328 423 347; x_wconf 87' lang='grc' dir='ltr'><strong><em>ουν,</em></strong></span> <span class='ocrx_word' id='word_1_25' title='bbox 443 314 474 342; x_wconf 80' lang='grc' dir='ltr'><strong><em>ἇν</em></strong></span> <span class='ocrx_word' id='word_1_26' title='bbox 493 314 541 352; x_wconf 80' lang='grc' dir='ltr'><strong><em>ἐγώ</em></strong></span> <span class='ocrx_word' id='word_1_27' title='bbox 560 314 637 342; x_wconf 81' lang='grc' dir='ltr'><strong><em>τοῦτο</em></strong></span> <span class='ocrx_word' id='word_1_28' title='bbox 658 312 846 349; x_wconf 68' lang='grc' dir='ltr'><strong><em>ιίποκρίιωμαι,</em></strong></span> <span class='ocrx_word' id='word_1_29' title='bbox 865 312 894 340; x_wconf 87' lang='grc' dir='ltr'><strong><em>τὸ</em></strong></span> <span class='ocrx_word' id='word_1_30' title='bbox 914 311 1076 349; x_wconf 80' lang='grc' dir='ltr'><strong><em>ἐρωτώμενόν</em></strong></span> 
     </span>
     <span class='ocr_line' id='line_1_7' title="bbox 281 351 1075 404; baseline -0.008 -18"><span class='ocrx_word' id='word_1_31' title='bbox 281 371 308 386; x_wconf 86' lang='grc' dir='ltr'><strong><em>τε</em></strong></span> <span class='ocrx_word' id='word_1_32' title='bbox 327 357 525 394; x_wconf 70' lang='grc' dir='ltr'><strong><em>ἀποκεκριμένος</em></strong></span> <span class='ocrx_word' id='word_1_33' title='bbox 543 357 635 392; x_wconf 72' lang='grc' dir='ltr'><strong><em>ἔσομαι</em></strong></span> <span class='ocrx_word' id='word_1_34' title='bbox 653 355 696 382; x_wconf 78' lang='grc' dir='ltr'><strong><em>καὶ</em></strong></span> <span class='ocrx_word' id='word_1_35' title='bbox 715 352 818 404; x_wconf 76' lang='grc' dir='ltr'><strong><em>ὀρθῶς,</em></strong></span> <span class='ocrx_word' id='word_1_36' title='bbox 845 358 858 370; x_wconf 77' lang='grc'><em>*</em></span> <span class='ocrx_word' id='word_1_37' title='bbox 879 354 923 381; x_wconf 80' lang='grc' dir='ltr'><strong><em>καὶ</em></strong></span> <span class='ocrx_word' id='word_1_38' title='bbox 941 351 972 381; x_wconf 79' lang='grc' dir='ltr'><strong><em>οὗ</em></strong></span> <span class='ocrx_word' id='word_1_39' title='bbox 988 352 1075 391; x_wconf 84' lang='grc' dir='ltr'><strong><em>μήπο-</em></strong></span> 
     </span>
     <span class='ocr_line' id='line_1_8' title="bbox 503 394 1076 447; baseline -0.003 -22"><span class='ocrx_word' id='word_1_40' title='bbox 503 403 546 425; x_wconf 90' lang='grc' dir='ltr'><strong><em>ΙΠ.</em></strong></span> <span class='ocrx_word' id='word_1_41' title='bbox 569 397 633 428; x_wconf 86' lang='grc' dir='ltr'><strong><em>Πῶς</em></strong></span> <span class='ocrx_word' id='word_1_42' title='bbox 653 395 704 447; x_wconf 81' lang='grc' dir='ltr'><strong><em>γὰρ</em></strong></span> <span class='ocrx_word' id='word_1_43' title='bbox 728 394 771 428; x_wconf 85' lang='grc' dir='ltr'><strong><em>α’ν,</em></strong></span> <span class='ocrx_word' id='word_1_44' title='bbox 794 396 814 423; x_wconf 83' lang='grc' dir='ltr'><em>ὦ</em></span> <span class='ocrx_word' id='word_1_45' title='bbox 834 395 983 433; x_wconf 87' lang='grc' dir='ltr'><strong><em>Σωκρατες,</em></strong></span> <span class='ocrx_word' id='word_1_46' title='bbox 1006 398 1076 433; x_wconf 84' lang='grc' dir='ltr'><strong><em>ελεγ-</em></strong></span> 
     </span>
     <span class='ocr_line' id='line_1_9' title="bbox 279 436 1076 492; baseline -0.004 -24"><span class='ocrx_word' id='word_1_47' title='bbox 279 443 372 492; x_wconf 43' lang='grc' dir='ltr'><strong><em>χθείηζς</em></strong></span> <span class='ocrx_word' id='word_1_48' title='bbox 391 440 405 468; x_wconf 79' lang='grc' dir='ltr'>ὅ</span> <span class='ocrx_word' id='word_1_49' title='bbox 422 452 451 478; x_wconf 83' lang='grc' dir='ltr'><strong><em>γε</em></strong></span> <span class='ocrx_word' id='word_1_50' title='bbox 469 439 534 467; x_wconf 83' lang='grc' dir='ltr'><strong><em>πᾶσι</em></strong></span> <span class='ocrx_word' id='word_1_51' title='bbox 554 440 635 470; x_wconf 81' lang='grc' dir='ltr'><strong><em>δοκεῖ,</em></strong></span> <span class='ocrx_word' id='word_1_52' title='bbox 661 439 704 466; x_wconf 80' lang='grc' dir='ltr'><strong><em>καὶ</em></strong></span> <span class='ocrx_word' id='word_1_53' title='bbox 722 448 817 468; x_wconf 78' lang='grc' dir='ltr'><strong><em>παντες</em></strong></span> <span class='ocrx_word' id='word_1_54' title='bbox 835 450 878 466; x_wconf 91' lang='grc' dir='ltr'><strong><em>σοι</em></strong></span> <span class='ocrx_word' id='word_1_55' title='bbox 894 436 1076 474; x_wconf 78' lang='grc' dir='ltr'><strong><em>μαρτυρήσου-</em></strong></span> 
     </span>
     <span class='ocr_line' id='line_1_10' title="bbox 282 477 1079 518; baseline -0.006 -7"><span class='ocrx_word' id='word_1_56' title='bbox 282 496 323 512; x_wconf 84' lang='grc' dir='ltr'><strong><em>σιν</em></strong></span> <span class='ocrx_word' id='word_1_57' title='bbox 342 484 367 511; x_wconf 82' lang='grc' dir='ltr'><strong><em>οἱ</em></strong></span> <span class='ocrx_word' id='word_1_58' title='bbox 385 481 530 513; x_wconf 73' lang='grc' dir='ltr'><strong><em>ἀκούοντες,</em></strong></span> <span class='ocrx_word' id='word_1_59' title='bbox 550 480 589 509; x_wconf 80' lang='grc' dir='ltr'><strong><em>ὅτι</em></strong></span> <span class='ocrx_word' id='word_1_60' title='bbox 608 478 699 518; x_wconf 81' lang='grc' dir='ltr'><strong><em>ὀρθῶς</em></strong></span> <span class='ocrx_word' id='word_1_61' title='bbox 716 482 807 518; x_wconf 80' lang='grc' dir='ltr'><strong><em>λέγεις,·</em></strong></span> <span class='ocrx_word' id='word_1_62' title='bbox 851 484 907 507; x_wconf 94' lang='grc' dir='ltr'><strong><em>ΣΩ.</em></strong></span> <span class='ocrx_word' id='word_1_63' title='bbox 925 477 992 512; x_wconf 76' lang='grc' dir='ltr'><strong><em>Εἶεν,</em></strong></span> <span class='ocrx_word' id='word_1_64' title='bbox 1008 477 1079 507; x_wconf 77' lang='grc' dir='ltr'><strong><em>πάνυ</em></strong></span> 
     </span>
     <span class='ocr_line' id='line_1_11' title="bbox 281 519 1079 574; baseline -0.006 -21"><span class='ocrx_word' id='word_1_65' title='bbox 281 528 327 563; x_wconf 82' lang='grc' dir='ltr'><strong><em>μὲν</em></strong></span> <span class='ocrx_word' id='word_1_66' title='bbox 346 537 397 553; x_wconf 79' lang='lat' dir='ltr'><strong><em>om</em></strong></span> <span class='ocrx_word' id='word_1_67' title='bbox 416 535 477 574; x_wconf 87' lang='grc' dir='ltr'><strong><em>φερε</em></strong></span> <span class='ocrx_word' id='word_1_68' title='bbox 496 522 686 559; x_wconf 72' lang='grc' dir='ltr'><strong><em>δή,ὠ1ππία,</em></strong></span> <span class='ocrx_word' id='word_1_69' title='bbox 710 522 777 559; x_wconf 85' lang='grc' dir='ltr'><strong><em>πρὸς</em></strong></span> <span class='ocrx_word' id='word_1_70' title='bbox 795 521 906 558; x_wconf 75' lang='grc' dir='ltr'><strong><em>ἐμαυτὸν</em></strong></span> <span class='ocrx_word' id='word_1_71' title='bbox 924 519 1074 557; x_wconf 76' lang='grc' dir='ltr'><strong><em>αναλᾶβω</em></strong></span> <span class='ocrx_word' id='word_1_72' title='bbox 1064 519 1079 548; x_wconf 83' lang='grc' dir='ltr'>ό</span> 
     </span>
     <span class='ocr_line' id='line_1_12' title="bbox 283 558 1079 605; baseline -0.006 -10"><span class='ocrx_word' id='word_1_73' title='bbox 283 570 367 605; x_wconf 73' lang='grc' dir='ltr'><strong><em>λέγεις.</em></strong></span> <span class='ocrx_word' id='word_1_74' title='bbox 391 565 404 594; x_wconf 88' lang='grc' dir='ltr'>ὁ</span> <span class='ocrx_word' id='word_1_75' title='bbox 426 568 474 603; x_wconf 76' lang='grc' dir='ltr'><strong><em>μὲν</em></strong></span> <span class='ocrx_word' id='word_1_76' title='bbox 496 563 615 602; x_wconf 77' lang='grc' dir='ltr'><strong><em>ἐρήσεταί</em></strong></span> <span class='ocrx_word' id='word_1_77' title='bbox 634 576 665 602; x_wconf 88' lang='grc' dir='ltr'><strong><em>με</em></strong></span> <span class='ocrx_word' id='word_1_78' title='bbox 689 562 785 592; x_wconf 79' lang='grc' dir='ltr'><strong><em>οὖῐωσί</em></strong></span> <span class='ocrx_word' id='word_1_79' title='bbox 805 574 870 595; x_wconf 88' lang='grc' dir='ltr'><strong><em>πως·</em></strong></span> <span class='ocrx_word' id='word_1_80' title='bbox 898 562 954 591; x_wconf 81' lang='grc' dir='ltr'><strong><em>Ἰθι</em></strong></span> <span class='ocrx_word' id='word_1_81' title='bbox 974 575 1031 600; x_wconf 90' lang='grc' dir='ltr'><strong><em>μοι,</em></strong></span> <span class='ocrx_word' id='word_1_82' title='bbox 1059 558 1079 590; x_wconf 81' lang='grc' dir='ltr'><strong><em>ῶ</em></strong></span> 
     </span>
     <span class='ocr_line' id='line_1_13' title="bbox 281 604 1078 660; baseline -0.006 -23"><span class='ocrx_word' id='word_1_83' title='bbox 281 615 424 660; x_wconf 83' lang='grc' dir='ltr'><strong><em>Σωκρατες,</em></strong></span> <span class='ocrx_word' id='word_1_84' title='bbox 444 606 592 656; x_wconf 61' lang='grc' dir='ltr'><strong><em>ἀπρκριναι</em></strong></span> <span class='ocrx_word' id='word_1_85' title='bbox 612 607 693 634; x_wconf 79' lang='grc' dir='ltr'><strong><em>ταῦτα</em></strong></span> <span class='ocrx_word' id='word_1_86' title='bbox 711 605 806 638; x_wconf 69' lang='grc' dir='ltr'><strong><em>πάντα,</em></strong></span> <span class='ocrx_word' id='word_1_87' title='bbox 826 604 843 633; x_wconf 70' lang='grc' dir='ltr'><strong><em>δι’</em></strong></span> <span class='ocrx_word' id='word_1_88' title='bbox 860 605 911 642; x_wconf 87' lang='grc' dir='ltr'><strong><em>φὴς</em></strong></span> <span class='ocrx_word' id='word_1_89' title='bbox 924 606 991 633; x_wconf 75' lang='grc' dir='ltr'><strong><em>καλὰ</em></strong></span> <span class='ocrx_word' id='word_1_90' title='bbox 1006 609 1078 636; x_wconf 70' lang='grc' dir='ltr'><strong><em>εἶναι,</em></strong></span> 
     </span>
     <span class='ocr_line' id='line_1_14' title="bbox 281 645 1080 696; baseline -0.005 -18"><span class='ocrx_word' id='word_1_91' title='bbox 281 652 304 679; x_wconf 77' lang='grc' dir='ltr'><strong><em>εἰ</em></strong></span> <span class='ocrx_word' id='word_1_92' title='bbox 326 652 350 678; x_wconf 85' lang='grc' dir='ltr'><strong><em>τί</em></strong></span> <span class='ocrx_word' id='word_1_93' title='bbox 372 654 440 678; x_wconf 81' lang='grc' dir='ltr'><strong><em>ἐστιν</em></strong></span> <span class='ocrx_word' id='word_1_94' title='bbox 462 647 525 678; x_wconf 70' lang='grc' dir='ltr'><strong><em>αὐτὸ</em></strong></span> <span class='ocrx_word' id='word_1_95' title='bbox 549 648 579 677; x_wconf 78' lang='grc' dir='ltr'><strong><em>τὸ</em></strong></span> <span class='ocrx_word' id='word_1_96' title='bbox 601 647 693 681; x_wconf 85' lang='grc' dir='ltr'><strong><em>καλόν,</em></strong></span> <span class='ocrx_word' id='word_1_97' title='bbox 716 646 785 677; x_wconf 73' lang='grc' dir='ltr'><strong><em>ταῦτ</em></strong></span> <span class='ocrx_word' id='word_1_98' title='bbox 807 660 838 675; x_wconf 88' lang='grc' dir='ltr'><strong><em>αν</em></strong></span> <span class='ocrx_word' id='word_1_99' title='bbox 856 650 893 683; x_wconf 84' lang='grc' dir='ltr'><strong><em>εἴη</em></strong></span> <span class='ocrx_word' id='word_1_100' title='bbox 911 647 990 681; x_wconf 55' lang='grc' dir='ltr'><strong><em>καλιῄ</em></strong></span> <span class='ocrx_word' id='word_1_101' title='bbox 1016 645 1080 696; x_wconf 78' lang='grc' dir='ltr'><strong><em>Ἐγὼ</em></strong></span> 
     </span>
     <span class='ocr_line' id='line_1_15' title="bbox 283 687 1079 729; baseline -0.005 -9"><span class='ocrx_word' id='word_1_102' title='bbox 283 695 308 721; x_wconf 79' lang='grc' dir='ltr'><strong><em>δὲ</em></strong></span> <span class='ocrx_word' id='word_1_103' title='bbox 327 693 356 727; x_wconf 84' lang='grc' dir='ltr'><strong><em>δὴ</em></strong></span> <span class='ocrx_word' id='word_1_104' title='bbox 375 692 431 729; x_wconf 77' lang='grc' dir='ltr'><strong><em>ἐρῶ,</em></strong></span> <span class='ocrx_word' id='word_1_105' title='bbox 450 691 497 724; x_wconf 79' lang='grc' dir='ltr'><strong><em>ὅτι,</em></strong></span> <span class='ocrx_word' id='word_1_106' title='bbox 516 691 538 719; x_wconf 84' lang='grc' dir='ltr'><strong><em>εἶ</em></strong></span> <span class='ocrx_word' id='word_1_107' title='bbox 556 693 692 728; x_wconf 74' lang='grc' dir='ltr'><strong><em>παρθένος</em></strong></span> <span class='ocrx_word' id='word_1_108' title='bbox 709 689 772 725; x_wconf 83' lang='grc' dir='ltr'><strong><em>καλὴ</em></strong></span> <span class='ocrx_word' id='word_1_109' title='bbox 790 689 870 718; x_wconf 84' lang='grc' dir='ltr'><strong><em>καλόν</em></strong></span> <span class='ocrx_word' id='word_1_110' title='bbox 887 693 942 718; x_wconf 79' lang='grc' dir='ltr'><strong><em>ἐστι</em></strong></span> <span class='ocrx_word' id='word_1_111' title='bbox 958 706 999 710; x_wconf 89' lang='lat'>—</span> <span class='ocrx_word' id='word_1_112' title='bbox 1018 687 1046 716; x_wconf 84' lang='grc' dir='ltr'><strong><em>δι</em></strong></span> <span class='ocrx_word' id='word_1_113' title='bbox 1065 701 1079 717; x_wconf 93' lang='grc' dir='ltr'><strong><em>ο</em></strong></span> 
     </span>
     <span class='ocr_line' id='line_1_16' title="bbox 607 730 1078 781; baseline -0.004 -20"><span class='ocrx_word' id='word_1_114' title='bbox 607 739 610 753; x_wconf 90' lang='lat'><strong>¹</strong></span> <span class='ocrx_word' id='word_1_115' title='bbox 630 739 673 781; x_wconf 55' lang='lat' dir='ltr'>IJI.</span> <span class='ocrx_word' id='word_1_116' title='bbox 699 735 752 761; x_wconf 80' lang='grc' dir='ltr'><strong><em>Οἴει</em></strong></span> <span class='ocrx_word' id='word_1_117' title='bbox 770 732 815 760; x_wconf 76' lang='grc' dir='ltr'><strong><em>οὐν</em></strong></span> <span class='ocrx_word' id='word_1_118' title='bbox 834 733 870 760; x_wconf 80' lang='grc' dir='ltr'><strong><em>ἔτι</em></strong></span> <span class='ocrx_word' id='word_1_119' title='bbox 888 730 967 760; x_wconf 68' lang='grc' dir='ltr'><strong><em>αὐτὸν</em></strong></span> <span class='ocrx_word' id='word_1_120' title='bbox 986 735 1078 766; x_wconf 84' lang='grc' dir='ltr'><strong><em>ἐπιχει-</em></strong></span> 
     </span>
     <span class='ocr_line' id='line_1_17' title="bbox 283 772 1081 815; baseline -0.005 -10"><span class='ocrx_word' id='word_1_121' title='bbox 283 777 369 815; x_wconf 73' lang='grc' dir='ltr'><strong><em>ρήσειν</em></strong></span> <span class='ocrx_word' id='word_1_122' title='bbox 387 788 417 804; x_wconf 86' lang='grc' dir='ltr'><strong><em>σε</em></strong></span> <span class='ocrx_word' id='word_1_123' title='bbox 436 778 551 814; x_wconf 80' lang='grc' dir='ltr'><strong><em>ἐλέγχειν,</em></strong></span> <span class='ocrx_word' id='word_1_124' title='bbox 571 774 604 806; x_wconf 82' lang='grc' dir='ltr'><strong><em>ὦς</em></strong></span> <span class='ocrx_word' id='word_1_125' title='bbox 622 773 652 803; x_wconf 74' lang='grc' dir='ltr'><strong><em>οὗ</em></strong></span> <span class='ocrx_word' id='word_1_126' title='bbox 670 773 750 803; x_wconf 83' lang='grc' dir='ltr'><strong><em>καλόν</em></strong></span> <span class='ocrx_word' id='word_1_127' title='bbox 769 786 837 802; x_wconf 85' lang='grc' dir='ltr'><strong><em>εστιν</em></strong></span> <span class='ocrx_word' id='word_1_128' title='bbox 856 773 871 802; x_wconf 78' lang='grc' dir='ltr'><em>ὅ</em></span> <span class='ocrx_word' id='word_1_129' title='bbox 888 776 980 812; x_wconf 80' lang='grc' dir='ltr'><strong><em>λέγεις,·</em></strong></span> <span class='ocrx_word' id='word_1_130' title='bbox 1002 772 1017 808; x_wconf 82' lang='grc' dir='ltr'><em>ἢ</em></span> <span class='ocrx_word' id='word_1_131' title='bbox 1037 773 1081 801; x_wconf 79' lang='grc' dir='ltr'><strong><em>ἐὰν</em></strong></span> 
     </span>
     <span class='ocr_line' id='line_1_18' title="bbox 890 815 1082 852; baseline -0.01 -8"><span class='ocrx_word' id='word_1_132' title='bbox 890 821 946 844; x_wconf 90' lang='grc' dir='ltr'><strong><em>ΣΩ.</em></strong></span> <span class='ocrx_word' id='word_1_133' title='bbox 965 815 1018 844; x_wconf 82' lang='grc' dir='ltr'><strong><em>Ὀτι</em></strong></span> <span class='ocrx_word' id='word_1_134' title='bbox 1035 817 1082 852; x_wconf 78' lang='grc' dir='ltr'><strong><em>μὲν</em></strong></span> 
     </span>
     <span class='ocr_line' id='line_1_19' title="bbox 284 855 1082 899; baseline -0.005 -10"><span class='ocrx_word' id='word_1_135' title='bbox 284 860 447 899; x_wconf 75' lang='grc' dir='ltr'><strong><em>ἐπιχειρήσει,</em></strong></span> <span class='ocrx_word' id='word_1_136' title='bbox 471 872 490 888; x_wconf 92' lang='grc' dir='ltr'><strong><em>ω</em></strong></span> <span class='ocrx_word' id='word_1_137' title='bbox 513 859 661 896; x_wconf 69' lang='grc' dir='ltr'><strong><em>θαυμάσιε,</em></strong></span> <span class='ocrx_word' id='word_1_138' title='bbox 683 859 711 886; x_wconf 73' lang='grc' dir='ltr'><strong><em>εὖ</em></strong></span> <span class='ocrx_word' id='word_1_139' title='bbox 734 857 803 886; x_wconf 80' lang='grc' dir='ltr'><strong><em>οἶδα·</em></strong></span> <span class='ocrx_word' id='word_1_140' title='bbox 831 858 854 886; x_wconf 83' lang='grc' dir='ltr'><strong><em>εἶ</em></strong></span> <span class='ocrx_word' id='word_1_141' title='bbox 876 855 900 885; x_wconf 68' lang='grc' dir='ltr'><strong><em>δ’</em></strong></span> <span class='ocrx_word' id='word_1_142' title='bbox 920 857 1082 895; x_wconf 78' lang='grc' dir='ltr'><strong><em>ἐπιχειρήσας</em></strong></span> 
     </span>
    </p>
   </div>
   <div class='ocr_carea' id='block_1_5' title="bbox 281 400 459 448">
    <p class='ocr_par' dir='ltr' id='par_1_5' title="bbox 281 400 459 448">
     <span class='ocr_line' id='line_1_20' title="bbox 281 400 459 448; baseline -0.011 -20"><span class='ocrx_word' id='word_1_143' title='bbox 281 412 307 428; x_wconf 87' lang='grc' dir='ltr'><strong><em>τε</em></strong></span> <span class='ocrx_word' id='word_1_144' title='bbox 330 400 459 448; x_wconf 78' lang='grc' dir='ltr'><strong><em>ἐλεγχθῶ,-</em></strong></span> 
     </span>
    </p>
   </div>
   <div class='ocr_carea' id='block_1_6' title="bbox 282 732 846 857">
    <p class='ocr_par' dir='ltr' id='par_1_6' title="bbox 282 732 845 856">
     <span class='ocr_line' id='line_1_21' title="bbox 282 732 561 769; baseline -0.007 -6"><span class='ocrx_word' id='word_1_145' title='bbox 282 732 351 763; x_wconf 81' lang='grc' dir='ltr'><strong><em>ταῦτ</em></strong></span> <span class='ocrx_word' id='word_1_146' title='bbox 376 733 408 762; x_wconf 70' lang='grc' dir='ltr'><strong><em>ἂν</em></strong></span> <span class='ocrx_word' id='word_1_147' title='bbox 429 737 466 769; x_wconf 62' lang='grc' dir='ltr'><strong><em>εἴη</em></strong></span> <span class='ocrx_word' id='word_1_148' title='bbox 488 732 561 761; x_wconf 68' lang='grc' dir='ltr'><strong><em>καλά.</em></strong></span> 
     </span>
     <span class='ocr_line' id='line_1_22' title="bbox 284 816 846 857; baseline -0.007 -10"><span class='ocrx_word' id='word_1_149' title='bbox 284 818 438 856; x_wconf 77' lang='grc' dir='ltr'><strong><em>ἐπιχειρήσῃ,</em></strong></span> <span class='ocrx_word' id='word_1_150' title='bbox 458 816 489 846; x_wconf 78' lang='grc' dir='ltr'><strong><em>οὐ</em></strong></span> <span class='ocrx_word' id='word_1_151' title='bbox 507 820 710 857; x_wconf 79' lang='grc' dir='ltr'><strong><em>καταγέλαστον</em></strong></span> <span class='ocrx_word' id='word_1_152' title='bbox 719 818 846 849; x_wconf 64' lang='grc' dir='ltr'><strong><em>ἔσεσθαι,</em></strong></span> 
     </span>
    </p>
   </div>
   <div class='ocr_carea' id='block_1_7' title="bbox 284 899 1090 2250">
    <p class='ocr_par' dir='ltr' id='par_1_7' title="bbox 284 899 1090 2250">
     <span class='ocr_line' id='line_1_23' title="bbox 286 899 1082 941; baseline -0.005 -10"><span class='ocrx_word' id='word_1_153' title='bbox 286 905 358 932; x_wconf 69' lang='grc' dir='ltr'><strong><em>ἔσται</em></strong></span> <span class='ocrx_word' id='word_1_154' title='bbox 375 905 580 941; x_wconf 79' lang='grc' dir='ltr'><strong><em>καταγέλαστος,</em></strong></span> <span class='ocrx_word' id='word_1_155' title='bbox 606 899 670 929; x_wconf 77' lang='grc' dir='ltr'><strong><em>αὐτὸ</em></strong></span> <span class='ocrx_word' id='word_1_156' title='bbox 690 901 770 932; x_wconf 83' lang='grc' dir='ltr'><strong><em>δείξει.</em></strong></span> <span class='ocrx_word' id='word_1_157' title='bbox 794 899 810 927; x_wconf 75' lang='grc' dir='ltr'>ἆ</span> <span class='ocrx_word' id='word_1_158' title='bbox 827 902 914 936; x_wconf 71' lang='grc' dir='ltr'><strong><em>μέντοι</em></strong></span> <span class='ocrx_word' id='word_1_159' title='bbox 930 903 981 937; x_wconf 74' lang='grc' dir='ltr'><strong><em>ἐρεῖ</em></strong></span> <span class='ocrx_word' id='word_1_160' title='bbox 999 902 1082 927; x_wconf 78' lang='grc' dir='ltr'><strong><em>ἐθέλω</em></strong></span> 
     </span>
     <span class='ocr_line' id='line_1_24' title="bbox 284 940 1082 995; baseline -0.005 -22"><span class='ocrx_word' id='word_1_161' title='bbox 284 958 327 974; x_wconf 86' lang='grc' dir='ltr'><strong><em>σοι</em></strong></span> <span class='ocrx_word' id='word_1_162' title='bbox 345 947 431 983; x_wconf 75' lang='grc' dir='ltr'><strong><em>λέγειν.</em></strong></span> <span class='ocrx_word' id='word_1_163' title='bbox 475 950 518 972; x_wconf 83' lang='grc' dir='ltr'><strong><em>1Π.</em></strong></span> <span class='ocrx_word' id='word_1_164' title='bbox 537 947 603 982; x_wconf 77' lang='grc' dir='ltr'><strong><em>Λέγε</em></strong></span> <span class='ocrx_word' id='word_1_165' title='bbox 623 942 659 995; x_wconf 78' lang='grc' dir='ltr'><strong><em>δη.</em></strong></span> <span class='ocrx_word' id='word_1_166' title='bbox 704 948 759 970; x_wconf 90' lang='grc' dir='ltr'><strong><em>ΣΩ.</em></strong></span> <span class='ocrx_word' id='word_1_167' title='bbox 775 941 820 974; x_wconf 80' lang='grc' dir='ltr'><strong><em>Ὡς</em></strong></span> <span class='ocrx_word' id='word_1_168' title='bbox 836 943 928 981; x_wconf 85' lang='grc' dir='ltr'><strong><em>γλυκυς</em></strong></span> <span class='ocrx_word' id='word_1_169' title='bbox 945 947 978 974; x_wconf 87' lang='grc' dir='ltr'><strong><em>εἰ,</em></strong></span> <span class='ocrx_word' id='word_1_170' title='bbox 992 940 1082 993; x_wconf 80' lang='grc' dir='ltr'><strong><em>φήσει,</em></strong></span> 
     </span>
     <span class='ocr_line' id='line_1_25' title="bbox 284 983 1083 1024; baseline -0.006 -8"><span class='ocrx_word' id='word_1_171' title='bbox 284 989 303 1016; x_wconf 79' lang='grc' dir='ltr'><em>ὦ</em></span> <span class='ocrx_word' id='word_1_172' title='bbox 321 986 464 1024; x_wconf 78' lang='grc' dir='ltr'><strong><em>Σώκρατες.</em></strong></span> <span class='ocrx_word' id='word_1_173' title='bbox 487 986 581 1021; x_wconf 83' lang='grc' dir='ltr'><strong><em>θηλεια</em></strong></span> <span class='ocrx_word' id='word_1_174' title='bbox 601 984 624 1013; x_wconf 81' lang='grc' dir='ltr'><strong><em>δ’</em></strong></span> <span class='ocrx_word' id='word_1_175' title='bbox 645 996 725 1016; x_wconf 88' lang='grc' dir='ltr'><strong><em>ιππος</em></strong></span> <span class='ocrx_word' id='word_1_176' title='bbox 741 985 804 1020; x_wconf 86' lang='grc' dir='ltr'><strong><em>καλὴ</em></strong></span> <span class='ocrx_word' id='word_1_177' title='bbox 824 984 854 1013; x_wconf 83' lang='grc' dir='ltr'><strong><em>ού</em></strong></span> <span class='ocrx_word' id='word_1_178' title='bbox 876 983 966 1017; x_wconf 86' lang='grc' dir='ltr'><strong><em>καλόν,</em></strong></span> <span class='ocrx_word' id='word_1_179' title='bbox 989 983 1019 1019; x_wconf 81' lang='grc' dir='ltr'><strong><em>ἢν</em></strong></span> <span class='ocrx_word' id='word_1_180' title='bbox 1040 996 1083 1011; x_wconf 89' lang='grc' dir='ltr'><strong><em>και</em></strong></span> 
     </span>
     <span class='ocr_line' id='line_1_26' title="bbox 285 1024 1081 1065; baseline -0.005 -7"><span class='ocrx_word' id='word_1_181' title='bbox 285 1029 299 1058; x_wconf 77' lang='grc' dir='ltr'><em>ὃ</em></span> <span class='ocrx_word' id='word_1_182' title='bbox 318 1029 385 1060; x_wconf 85' lang='grc' dir='ltr'><strong><em>θεὸς</em></strong></span> <span class='ocrx_word' id='word_1_183' title='bbox 403 1032 428 1057; x_wconf 77' lang='grc' dir='ltr'><strong><em>ἐν</em></strong></span> <span class='ocrx_word' id='word_1_184' title='bbox 446 1028 480 1065; x_wconf 78' lang='grc' dir='ltr'><strong><em>τῷ</em></strong></span> <span class='ocrx_word' id='word_1_185' title='bbox 496 1028 604 1065; x_wconf 75' lang='grc' dir='ltr'><strong><em>χρησμῷ</em></strong></span> <span class='ocrx_word' id='word_1_186' title='bbox 627 1026 747 1065; x_wconf 82' lang='grc' dir='ltr'><strong><em>ἐπῃνεσε,·</em></strong></span> <span class='ocrx_word' id='word_1_187' title='bbox 784 1029 816 1055; x_wconf 88' lang='grc' dir='ltr'><strong><em>Τί</em></strong></span> <span class='ocrx_word' id='word_1_188' title='bbox 836 1025 965 1063; x_wconf 80' lang='grc' dir='ltr'><strong><em>φήσομεν,</em></strong></span> <span class='ocrx_word' id='word_1_189' title='bbox 987 1027 1008 1054; x_wconf 83' lang='grc' dir='ltr'><em>ὠ</em></span> <span class='ocrx_word' id='word_1_190' title='bbox 1028 1024 1081 1054; x_wconf 86' lang='grc' dir='ltr'><strong><em>Ιπ-</em></strong></span> 
     </span>
     <span class='ocr_line' id='line_1_27' title="bbox 285 1068 1082 1107; baseline -0.005 -7"><span class='ocrx_word' id='word_1_191' title='bbox 285 1074 345 1105; x_wconf 76' lang='grc' dir='ltr'><strong><em>πίας</em></strong></span> <span class='ocrx_word' id='word_1_192' title='bbox 373 1070 435 1099; x_wconf 64' lang='grc' dir='ltr'><strong><em>ἄλλο</em></strong></span> <span class='ocrx_word' id='word_1_193' title='bbox 459 1083 482 1099; x_wconf 86' lang='grc' dir='ltr'><strong><em>τι</em></strong></span> <span class='ocrx_word' id='word_1_194' title='bbox 504 1069 518 1106; x_wconf 82' lang='grc' dir='ltr'><em>ἢ</em></span> <span class='ocrx_word' id='word_1_195' title='bbox 541 1071 629 1107; x_wconf 83' lang='grc' dir='ltr'><strong><em>φῶμεν</em></strong></span> <span class='ocrx_word' id='word_1_196' title='bbox 650 1070 694 1098; x_wconf 77' lang='grc' dir='ltr'><strong><em>καὶ</em></strong></span> <span class='ocrx_word' id='word_1_197' title='bbox 715 1069 760 1104; x_wconf 88' lang='grc' dir='ltr'><strong><em>τὴν</em></strong></span> <span class='ocrx_word' id='word_1_198' title='bbox 783 1075 787 1086; x_wconf 93' lang='grc'><em>“</em></span> <span class='ocrx_word' id='word_1_199' title='bbox 810 1071 892 1097; x_wconf 77' lang='grc' dir='ltr'><strong><em>ι’ππον</em></strong></span> <span class='ocrx_word' id='word_1_200' title='bbox 913 1068 993 1097; x_wconf 82' lang='grc' dir='ltr'><strong><em>καλὸν</em></strong></span> <span class='ocrx_word' id='word_1_201' title='bbox 1010 1072 1082 1100; x_wconf 77' lang='grc' dir='ltr'><strong><em>εἶναι,</em></strong></span> 
     </span>
     <span class='ocr_line' id='line_1_28' title="bbox 284 1109 1082 1152; baseline -0.004 -11"><span class='ocrx_word' id='word_1_202' title='bbox 284 1113 329 1149; x_wconf 83' lang='grc' dir='ltr'><strong><em>τήν</em></strong></span> <span class='ocrx_word' id='word_1_203' title='bbox 346 1125 375 1152; x_wconf 87' lang='grc' dir='ltr'><strong><em>γε</em></strong></span> <span class='ocrx_word' id='word_1_204' title='bbox 393 1111 483 1148; x_wconf 76' lang='grc' dir='ltr'><strong><em>καλήνς</em></strong></span> <span class='ocrx_word' id='word_1_205' title='bbox 510 1113 566 1144; x_wconf 88' lang='grc' dir='ltr'><strong><em>πῶς</em></strong></span> <span class='ocrx_word' id='word_1_206' title='bbox 581 1111 633 1151; x_wconf 80' lang='grc' dir='ltr'><strong><em>γὰρ</em></strong></span> <span class='ocrx_word' id='word_1_207' title='bbox 653 1111 684 1140; x_wconf 77' lang='grc' dir='ltr'><strong><em>ἂν</em></strong></span> <span class='ocrx_word' id='word_1_208' title='bbox 701 1111 829 1148; x_wconf 75' lang='grc' dir='ltr'><strong><em>τολμωμει</em></strong></span> <span class='ocrx_word' id='word_1_209' title='bbox 852 1112 955 1152; x_wconf 76' lang='grc' dir='ltr'><strong><em>ἔξαρνοι</em></strong></span> <span class='ocrx_word' id='word_1_210' title='bbox 971 1109 1035 1139; x_wconf 73' lang='grc' dir='ltr'><strong><em>εἶναι</em></strong></span> <span class='ocrx_word' id='word_1_211' title='bbox 1052 1110 1082 1138; x_wconf 86' lang='grc' dir='ltr'><strong><em>τὸ</em></strong></span> 
     </span>
     <span class='ocr_line' id='line_1_29' title="bbox 285 1152 1082 1193; baseline -0.005 -9"><span class='ocrx_word' id='word_1_212' title='bbox 285 1156 364 1184; x_wconf 86' lang='grc' dir='ltr'><strong><em>καλὸν</em></strong></span> <span class='ocrx_word' id='word_1_213' title='bbox 379 1155 414 1193; x_wconf 82' lang='grc' dir='ltr'><strong><em>μὴ</em></strong></span> <span class='ocrx_word' id='word_1_214' title='bbox 432 1154 512 1183; x_wconf 82' lang='grc' dir='ltr'><strong><em>καλὸν</em></strong></span> <span class='ocrx_word' id='word_1_215' title='bbox 529 1159 606 1188; x_wconf 73' lang='grc' dir='ltr'><strong><em>εἰναις</em></strong></span> <span class='ocrx_word' id='word_1_216' title='bbox 650 1153 810 1189; x_wconf 61' lang='lat' dir='ltr'><strong><em>lum-⁷1:3¹7]</em></strong></span> <span class='ocrx_word' id='word_1_217' title='bbox 828 1156 916 1192; x_wconf 70' lang='grc' dir='ltr'><strong><em>λεγεις,</em></strong></span> <span class='ocrx_word' id='word_1_218' title='bbox 936 1165 956 1181; x_wconf 89' lang='grc' dir='ltr'><strong><em>ω</em></strong></span> <span class='ocrx_word' id='word_1_219' title='bbox 973 1152 1082 1190; x_wconf 73' lang='grc' dir='ltr'><strong><em>Σώκρα-</em></strong></span> 
     </span>
     <span class='ocr_line' id='line_1_30' title="bbox 285 1195 1084 1235; baseline -0.006 -8"><span class='ocrx_word' id='word_1_220' title='bbox 285 1209 333 1231; x_wconf 85' lang='grc' dir='ltr'><strong><em>τες,</em></strong></span> <span class='ocrx_word' id='word_1_221' title='bbox 353 1199 408 1226; x_wconf 85' lang='grc' dir='ltr'><strong><em>ἐπεί</em></strong></span> <span class='ocrx_word' id='word_1_222' title='bbox 424 1209 465 1226; x_wconf 90' lang='grc' dir='ltr'><strong><em>τοι</em></strong></span> <span class='ocrx_word' id='word_1_223' title='bbox 482 1198 525 1226; x_wconf 76' lang='grc' dir='ltr'><strong><em>καὶ</em></strong></span> <span class='ocrx_word' id='word_1_224' title='bbox 544 1196 635 1235; x_wconf 83' lang='grc' dir='ltr'><strong><em>ὀρθῶς</em></strong></span> <span class='ocrx_word' id='word_1_225' title='bbox 653 1195 717 1224; x_wconf 81' lang='grc' dir='ltr'><strong><em>αὐτὸ</em></strong></span> <span class='ocrx_word' id='word_1_226' title='bbox 737 1197 750 1224; x_wconf 84' lang='grc' dir='ltr'>ὁ</span> <span class='ocrx_word' id='word_1_227' title='bbox 770 1196 837 1227; x_wconf 87' lang='grc' dir='ltr'><strong><em>θεὸς</em></strong></span> <span class='ocrx_word' id='word_1_228' title='bbox 857 1200 924 1224; x_wconf 82' lang='grc' dir='ltr'><strong><em>εἰπε·</em></strong></span> <span class='ocrx_word' id='word_1_229' title='bbox 952 1198 1084 1233; x_wconf 76' lang='grc' dir='ltr'><strong><em>παγκαλαι</em></strong></span> 
     </span>
     <span class='ocr_line' id='line_1_31' title="bbox 285 1236 1082 1279; baseline -0.004 -11"><span class='ocrx_word' id='word_1_230' title='bbox 285 1241 336 1279; x_wconf 75' lang='grc' dir='ltr'><strong><em>γὰρ</em></strong></span> <span class='ocrx_word' id='word_1_231' title='bbox 354 1238 415 1278; x_wconf 76' lang='grc' dir='ltr'><strong><em>παρ’</em></strong></span> <span class='ocrx_word' id='word_1_232' title='bbox 434 1238 494 1277; x_wconf 74' lang='grc' dir='ltr'><strong><em>ἡμῖν</em></strong></span> <span class='ocrx_word' id='word_1_233' title='bbox 510 1241 587 1268; x_wconf 89' lang='grc' dir='ltr'><strong><em>ι’πποι</em></strong></span> <span class='ocrx_word' id='word_1_234' title='bbox 604 1241 744 1278; x_wconf 84' lang='grc' dir='ltr'><strong><em>γίγνονται.</em></strong></span> <span class='ocrx_word' id='word_1_235' title='bbox 788 1243 845 1266; x_wconf 92' lang='grc' dir='ltr'><strong><em>ΣΩ.</em></strong></span> <span class='ocrx_word' id='word_1_236' title='bbox 864 1236 931 1270; x_wconf 75' lang='grc' dir='ltr'><strong><em>Εἶεν,</em></strong></span> <span class='ocrx_word' id='word_1_237' title='bbox 946 1237 1023 1274; x_wconf 81' lang='grc' dir='ltr'><strong><em>φήσει</em></strong></span> <span class='ocrx_word' id='word_1_238' title='bbox 1041 1236 1082 1272; x_wconf 85' lang='grc' dir='ltr'><strong><em>δή·</em></strong></span> 
     </span>
     <span class='ocr_line' id='line_1_32' title="bbox 286 1278 1084 1320; baseline -0.005 -9"><span class='ocrx_word' id='word_1_239' title='bbox 286 1285 311 1311; x_wconf 81' lang='grc' dir='ltr'><strong><em>τί</em></strong></span> <span class='ocrx_word' id='word_1_240' title='bbox 332 1283 370 1316; x_wconf 80' lang='grc' dir='ltr'><strong><em>δέ,-</em></strong></span> <span class='ocrx_word' id='word_1_241' title='bbox 397 1281 461 1320; x_wconf 90' lang='grc' dir='ltr'><strong><em>λυρα</em></strong></span> <span class='ocrx_word' id='word_1_242' title='bbox 479 1282 542 1317; x_wconf 86' lang='grc' dir='ltr'><strong><em>καλὴ</em></strong></span> <span class='ocrx_word' id='word_1_243' title='bbox 558 1280 590 1310; x_wconf 79' lang='grc' dir='ltr'><strong><em>οὗ</em></strong></span> <span class='ocrx_word' id='word_1_244' title='bbox 607 1280 699 1314; x_wconf 82' lang='grc' dir='ltr'><strong><em>καλόν;</em></strong></span> <span class='ocrx_word' id='word_1_245' title='bbox 730 1281 832 1317; x_wconf 85' lang='grc' dir='ltr'><strong><em>Φῶμεν,</em></strong></span> <span class='ocrx_word' id='word_1_246' title='bbox 859 1280 880 1308; x_wconf 80' lang='grc' dir='ltr'><em>ὦ</em></span> <span class='ocrx_word' id='word_1_247' title='bbox 895 1278 996 1313; x_wconf 81' lang='grc' dir='ltr'><strong><em>Ἱππία,·</em></strong></span> <span class='ocrx_word' id='word_1_248' title='bbox 1040 1285 1084 1307; x_wconf 83' lang='grc' dir='ltr'><strong><em>ΙΠ.</em></strong></span> 
     </span>
     <span class='ocr_line' id='line_1_33' title="bbox 289 1320 1086 1362; baseline -0.005 -9"><span class='ocrx_word' id='word_1_249' title='bbox 289 1326 353 1353; x_wconf 87' lang='grc' dir='ltr'><strong><em>Ναί.</em></strong></span> <span class='ocrx_word' id='word_1_250' title='bbox 396 1329 451 1352; x_wconf 92' lang='grc' dir='ltr'><strong><em>ΣΩ.</em></strong></span> <span class='ocrx_word' id='word_1_251' title='bbox 468 1322 535 1362; x_wconf 87' lang='grc' dir='ltr'><strong><em>Ερεῖ</em></strong></span> <span class='ocrx_word' id='word_1_252' title='bbox 550 1325 636 1352; x_wconf 79' lang='grc' dir='ltr'><strong><em>τοίνυν</em></strong></span> <span class='ocrx_word' id='word_1_253' title='bbox 652 1322 718 1360; x_wconf 76' lang='grc' dir='ltr'><strong><em>μετὰ</em></strong></span> <span class='ocrx_word' id='word_1_254' title='bbox 736 1320 803 1351; x_wconf 76' lang='grc' dir='ltr'><strong><em>τοῦτ</em></strong></span> <span class='ocrx_word' id='word_1_255' title='bbox 825 1325 931 1354; x_wconf 80' lang='grc' dir='ltr'><strong><em>ἐκεῖνος,</em></strong></span> <span class='ocrx_word' id='word_1_256' title='bbox 951 1320 1045 1357; x_wconf 80' lang='grc' dir='ltr'><strong><em>σχεδόν</em></strong></span> <span class='ocrx_word' id='word_1_257' title='bbox 1062 1333 1086 1349; x_wconf 91' lang='grc' dir='ltr'><strong><em>τι</em></strong></span> 
     </span>
     <span class='ocr_line' id='line_1_34' title="bbox 287 1362 1085 1414; baseline -0.005 -19"><span class='ocrx_word' id='word_1_258' title='bbox 287 1368 314 1396; x_wconf 74' lang='grc' dir='ltr'><strong><em>εὖ</em></strong></span> <span class='ocrx_word' id='word_1_259' title='bbox 333 1365 391 1395; x_wconf 89' lang='grc' dir='ltr'><strong><em>οιδα</em></strong></span> <span class='ocrx_word' id='word_1_260' title='bbox 411 1370 436 1394; x_wconf 80' lang='grc' dir='ltr'><strong><em>ἐκ</em></strong></span> <span class='ocrx_word' id='word_1_261' title='bbox 454 1367 501 1395; x_wconf 78' lang='grc' dir='ltr'><strong><em>τοῦ</em></strong></span> <span class='ocrx_word' id='word_1_262' title='bbox 519 1365 620 1404; x_wconf 82' lang='grc' dir='ltr'><strong><em>τρόπου</em></strong></span> <span class='ocrx_word' id='word_1_263' title='bbox 637 1363 848 1414; x_wconf 77' lang='grc' dir='ltr'><strong><em>τεκμαιρόμενος,</em></strong></span> <span class='ocrx_word' id='word_1_264' title='bbox 866 1365 895 1391; x_wconf 81' lang='grc' dir='ltr'><strong><em>Ὠ.</em></strong></span> <span class='ocrx_word' id='word_1_265' title='bbox 892 1365 1025 1414; x_wconf 83' lang='grc' dir='ltr'><strong><em>βέλτιστε</em></strong></span> <span class='ocrx_word' id='word_1_266' title='bbox 1044 1362 1085 1396; x_wconf 89' lang='grc' dir='ltr'><strong><em>σύ,</em></strong></span> 
     </span>
     <span class='ocr_line' id='line_1_35' title="bbox 287 1401 1085 1456; baseline -0.004 -19"><span class='ocrx_word' id='word_1_267' title='bbox 287 1411 312 1438; x_wconf 86' lang='grc' dir='ltr'><strong><em>τί</em></strong></span> <span class='ocrx_word' id='word_1_268' title='bbox 329 1410 368 1443; x_wconf 59' lang='lat'><strong><em>(55,-</em></strong></span> <span class='ocrx_word' id='word_1_269' title='bbox 392 1407 474 1446; x_wconf 86' lang='grc' dir='ltr'><strong><em>χύτρα</em></strong></span> <span class='ocrx_word' id='word_1_270' title='bbox 493 1408 557 1444; x_wconf 85' lang='grc' dir='ltr'><strong><em>καλὴ</em></strong></span> <span class='ocrx_word' id='word_1_271' title='bbox 575 1420 606 1436; x_wconf 86' lang='grc' dir='ltr'><strong><em>ου</em></strong></span> <span class='ocrx_word' id='word_1_272' title='bbox 623 1407 704 1436; x_wconf 86' lang='grc' dir='ltr'><strong><em>καλὸν</em></strong></span> <span class='ocrx_word' id='word_1_273' title='bbox 722 1406 785 1445; x_wconf 67' lang='lat' dir='ltr'><strong><em>tique,-</em></strong></span> <span class='ocrx_word' id='word_1_274' title='bbox 829 1412 874 1434; x_wconf 90' lang='grc' dir='ltr'><strong><em>ΙΠ.</em></strong></span> <span class='ocrx_word' id='word_1_275' title='bbox 892 1401 924 1434; x_wconf 92' lang='grc' dir='ltr'><strong><em>Ω</em></strong></span> <span class='ocrx_word' id='word_1_276' title='bbox 941 1405 1085 1456; x_wconf 76' lang='grc' dir='ltr'><strong><em>Σώκρατες,</em></strong></span> 
     </span>
     <span class='ocr_line' id='line_1_36' title="bbox 291 1447 1084 1488; baseline -0.004 -9"><span class='ocrx_word' id='word_1_277' title='bbox 291 1458 294 1472; x_wconf 90' lang='lat'><strong>¹</strong></span> <span class='ocrx_word' id='word_1_278' title='bbox 313 1453 351 1483; x_wconf 88' lang='grc' dir='ltr'><strong><em>τίς</em></strong></span> <span class='ocrx_word' id='word_1_279' title='bbox 368 1449 391 1478; x_wconf 78' lang='grc' dir='ltr'><strong><em>δ’</em></strong></span> <span class='ocrx_word' id='word_1_280' title='bbox 413 1452 482 1479; x_wconf 82' lang='grc' dir='ltr'><strong><em>ἐστιν</em></strong></span> <span class='ocrx_word' id='word_1_281' title='bbox 500 1450 514 1479; x_wconf 81' lang='grc' dir='ltr'>ὁ</span> <span class='ocrx_word' id='word_1_282' title='bbox 534 1449 691 1488; x_wconf 69' lang='grc' dir='ltr'><strong><em>ἄνθρωποςς</em></strong></span> <span class='ocrx_word' id='word_1_283' title='bbox 710 1448 744 1481; x_wconf 81' lang='grc' dir='ltr'><strong><em>ῶς</em></strong></span> <span class='ocrx_word' id='word_1_284' title='bbox 762 1447 916 1480; x_wconf 71' lang='grc' dir='ltr'><strong><em>ἀπαίδευτός</em></strong></span> <span class='ocrx_word' id='word_1_285' title='bbox 931 1460 975 1481; x_wconf 87' lang='grc' dir='ltr'><strong><em>τις,</em></strong></span> <span class='ocrx_word' id='word_1_286' title='bbox 995 1448 1024 1480; x_wconf 81' lang='grc' dir='ltr'><strong><em>ὅς</em></strong></span> <span class='ocrx_word' id='word_1_287' title='bbox 1039 1447 1084 1477; x_wconf 92' lang='grc' dir='ltr'><strong><em>ου’-</em></strong></span> 
     </span>
     <span class='ocr_line' id='line_1_37' title="bbox 288 1489 1085 1533; baseline -0.005 -11"><span class='ocrx_word' id='word_1_288' title='bbox 288 1506 324 1523; x_wconf 90' lang='grc' dir='ltr'><strong><em>τω</em></strong></span> <span class='ocrx_word' id='word_1_289' title='bbox 345 1493 433 1530; x_wconf 78' lang='grc' dir='ltr'><strong><em>φαῦλα</em></strong></span> <span class='ocrx_word' id='word_1_290' title='bbox 456 1491 573 1530; x_wconf 82' lang='grc' dir='ltr'><strong><em>ὀνόματα</em></strong></span> <span class='ocrx_word' id='word_1_291' title='bbox 596 1491 729 1533; x_wconf 77' lang='grc' dir='ltr'><strong><em>ὀνομάζειν</em></strong></span> <span class='ocrx_word' id='word_1_292' title='bbox 750 1492 832 1529; x_wconf 81' lang='grc' dir='ltr'><strong><em>τολμᾷ</em></strong></span> <span class='ocrx_word' id='word_1_293' title='bbox 859 1494 885 1519; x_wconf 81' lang='grc' dir='ltr'><strong><em>ἐν</em></strong></span> <span class='ocrx_word' id='word_1_294' title='bbox 907 1490 991 1528; x_wconf 75' lang='grc' dir='ltr'><strong><em>σεμνῷ</em></strong></span> <span class='ocrx_word' id='word_1_295' title='bbox 1016 1489 1085 1528; x_wconf 79' lang='grc' dir='ltr'><strong><em>πρά-</em></strong></span> 
     </span>
     <span class='ocr_line' id='line_1_38' title="bbox 288 1531 1087 1575; baseline -0.005 -11"><span class='ocrx_word' id='word_1_296' title='bbox 288 1548 373 1575; x_wconf 85' lang='grc' dir='ltr'><strong><em>γματι.</em></strong></span> <span class='ocrx_word' id='word_1_297' title='bbox 409 1541 465 1563; x_wconf 91' lang='grc' dir='ltr'><strong><em>ΣΩ</em></strong></span> <span class='ocrx_word' id='word_1_298' title='bbox 485 1533 611 1566; x_wconf 71' lang='grc' dir='ltr'><strong><em>Τοιοῦτός</em></strong></span> <span class='ocrx_word' id='word_1_299' title='bbox 628 1545 673 1567; x_wconf 84' lang='grc' dir='ltr'><strong><em>τις,</em></strong></span> <span class='ocrx_word' id='word_1_300' title='bbox 691 1535 712 1562; x_wconf 81' lang='grc' dir='ltr'><em>ὦ</em></span> <span class='ocrx_word' id='word_1_301' title='bbox 727 1532 824 1567; x_wconf 85' lang='grc' dir='ltr'><strong><em>Ιππία,</em></strong></span> <span class='ocrx_word' id='word_1_302' title='bbox 844 1531 875 1562; x_wconf 78' lang='grc' dir='ltr'><strong><em>οὗ</em></strong></span> <span class='ocrx_word' id='word_1_303' title='bbox 892 1533 1004 1570; x_wconf 84' lang='grc' dir='ltr'><strong><em>κομψός,</em></strong></span> <span class='ocrx_word' id='word_1_304' title='bbox 1023 1531 1087 1561; x_wconf 78' lang='grc' dir='ltr'><strong><em>ἀλλὰ</em></strong></span> 
     </span>
     <span class='ocr_line' id='line_1_39' title="bbox 290 1573 1085 1616; baseline -0.005 -9"><span class='ocrx_word' id='word_1_305' title='bbox 290 1577 429 1616; x_wconf 81' lang='grc' dir='ltr'><strong><em>συρφετός,</em></strong></span> <span class='ocrx_word' id='word_1_306' title='bbox 458 1576 533 1606; x_wconf 77' lang='grc' dir='ltr'><strong><em>οὐδὲν</em></strong></span> <span class='ocrx_word' id='word_1_307' title='bbox 555 1576 616 1605; x_wconf 84' lang='grc' dir='ltr'><strong><em>α’λλο</em></strong></span> <span class='ocrx_word' id='word_1_308' title='bbox 639 1578 780 1614; x_wconf 78' lang='grc' dir='ltr'><strong><em>φροντίζων</em></strong></span> <span class='ocrx_word' id='word_1_309' title='bbox 801 1574 816 1611; x_wconf 86' lang='grc' dir='ltr'><em>ἢ</em></span> <span class='ocrx_word' id='word_1_310' title='bbox 842 1575 872 1604; x_wconf 84' lang='grc' dir='ltr'><strong><em>τὸ</em></strong></span> <span class='ocrx_word' id='word_1_311' title='bbox 901 1573 1006 1610; x_wconf 82' lang='grc' dir='ltr'><strong><em>ἆληθές.</em></strong></span> <span class='ocrx_word' id='word_1_312' title='bbox 1034 1573 1085 1603; x_wconf 77' lang='grc' dir='ltr'><strong><em>ἀλλ’</em></strong></span> 
     </span>
     <span class='ocr_line' id='line_1_40' title="bbox 290 1617 1085 1658; baseline -0.004 -10"><span class='ocrx_word' id='word_1_313' title='bbox 290 1620 359 1658; x_wconf 80' lang='grc' dir='ltr'><strong><em>ὅμως</em></strong></span> <span class='ocrx_word' id='word_1_314' title='bbox 380 1618 534 1658; x_wconf 70' lang='grc' dir='ltr'><strong><em>ἀποκριτέον</em></strong></span> <span class='ocrx_word' id='word_1_315' title='bbox 556 1619 591 1657; x_wconf 76' lang='grc' dir='ltr'><strong><em>τῷ</em></strong></span> <span class='ocrx_word' id='word_1_316' title='bbox 614 1617 698 1657; x_wconf 75' lang='grc' dir='ltr'><strong><em>ἀνδρί,</em></strong></span> <span class='ocrx_word' id='word_1_317' title='bbox 720 1619 764 1646; x_wconf 80' lang='grc' dir='ltr'><strong><em>καὶ</em></strong></span> <span class='ocrx_word' id='word_1_318' title='bbox 787 1619 865 1656; x_wconf 75' lang='grc' dir='ltr'><strong><em>ἔγωγε</em></strong></span> <span class='ocrx_word' id='word_1_319' title='bbox 882 1619 1085 1655; x_wconf 87' lang='grc' dir='ltr'><strong><em>προαποφαίνο-</em></strong></span> 
     </span>
     <span class='ocr_line' id='line_1_41' title="bbox 288 1658 1086 1700; baseline -0.003 -10"><span class='ocrx_word' id='word_1_320' title='bbox 288 1673 345 1700; x_wconf 85' lang='grc' dir='ltr'><strong><em>μαι</em></strong></span> <span class='ocrx_word' id='word_1_321' title='bbox 364 1665 435 1700; x_wconf 83' lang='grc' dir='ltr'><strong><em>εἴπερ</em></strong></span> <span class='ocrx_word' id='word_1_322' title='bbox 453 1661 468 1698; x_wconf 80' lang='grc' dir='ltr'><strong><em>ἦ</em></strong></span> <span class='ocrx_word' id='word_1_323' title='bbox 484 1661 567 1699; x_wconf 83' lang='grc' dir='ltr'><strong><em>χύτρα</em></strong></span> <span class='ocrx_word' id='word_1_324' title='bbox 585 1663 784 1699; x_wconf 67' lang='grc' dir='ltr'><strong><em>κεκεραμευμένη</em></strong></span> <span class='ocrx_word' id='word_1_325' title='bbox 801 1663 839 1696; x_wconf 77' lang='grc' dir='ltr'><strong><em>εἴη</em></strong></span> <span class='ocrx_word' id='word_1_326' title='bbox 856 1658 899 1688; x_wconf 72' lang='grc' dir='ltr'><strong><em>ὑπ’</em></strong></span> <span class='ocrx_word' id='word_1_327' title='bbox 917 1658 1028 1699; x_wconf 74' lang='grc' dir='ltr'><strong><em>ἀγαθοῦ</em></strong></span> <span class='ocrx_word' id='word_1_328' title='bbox 1045 1672 1086 1688; x_wconf 87' lang='grc' dir='ltr'><strong><em>κε-</em></strong></span> 
     </span>
     <span class='ocr_line' id='line_1_42' title="bbox 290 1700 1088 1743; baseline -0.004 -10"><span class='ocrx_word' id='word_1_329' title='bbox 290 1707 390 1743; x_wconf 83' lang='grc' dir='ltr'><strong><em>ραμέως</em></strong></span> <span class='ocrx_word' id='word_1_330' title='bbox 410 1706 464 1732; x_wconf 83' lang='grc' dir='ltr'><strong><em>λεία</em></strong></span> <span class='ocrx_word' id='word_1_331' title='bbox 483 1705 525 1732; x_wconf 77' lang='grc' dir='ltr'><strong><em>καὶ</em></strong></span> <span class='ocrx_word' id='word_1_332' title='bbox 543 1703 688 1742; x_wconf 82' lang='grc' dir='ltr'><strong><em>στρογγύλη</em></strong></span> <span class='ocrx_word' id='word_1_333' title='bbox 706 1704 749 1731; x_wconf 82' lang='grc' dir='ltr'><strong><em>καὶ</em></strong></span> <span class='ocrx_word' id='word_1_334' title='bbox 766 1703 849 1734; x_wconf 85' lang='grc' dir='ltr'><strong><em>καλῶς</em></strong></span> <span class='ocrx_word' id='word_1_335' title='bbox 867 1700 1012 1739; x_wconf 80' lang='grc' dir='ltr'><strong><em>ὠπτημένη,</em></strong></span> <span class='ocrx_word' id='word_1_336' title='bbox 1036 1700 1088 1730; x_wconf 79' lang='grc' dir='ltr'><strong><em>οἷαι</em></strong></span> 
     </span>
     <span class='ocr_line' id='line_1_43' title="bbox 291 1744 1086 1784; baseline -0.004 -9"><span class='ocrx_word' id='word_1_337' title='bbox 291 1747 341 1775; x_wconf 83' lang='grc' dir='ltr'><strong><em>τῶν</em></strong></span> <span class='ocrx_word' id='word_1_338' title='bbox 358 1748 442 1775; x_wconf 86' lang='grc' dir='ltr'><strong><em>καλῶν</em></strong></span> <span class='ocrx_word' id='word_1_339' title='bbox 457 1746 558 1784; x_wconf 80' lang='grc' dir='ltr'><strong><em>χυτρῶν</em></strong></span> <span class='ocrx_word' id='word_1_340' title='bbox 575 1746 627 1774; x_wconf 80' lang='grc' dir='ltr'><strong><em>εἶσί</em></strong></span> <span class='ocrx_word' id='word_1_341' title='bbox 643 1757 708 1777; x_wconf 85' lang='grc' dir='ltr'><strong><em>τινες</em></strong></span> <span class='ocrx_word' id='word_1_342' title='bbox 727 1746 824 1778; x_wconf 90' lang='grc' dir='ltr'><strong><em>δίωτοι,</em></strong></span> <span class='ocrx_word' id='word_1_343' title='bbox 843 1745 893 1773; x_wconf 86' lang='grc' dir='ltr'><strong><em>τῶν</em></strong></span> <span class='ocrx_word' id='word_1_344' title='bbox 911 1745 938 1777; x_wconf 70' lang='grc' dir='ltr'><strong><em>’ἒξ</em></strong></span> <span class='ocrx_word' id='word_1_345' title='bbox 952 1744 1019 1781; x_wconf 84' lang='grc' dir='ltr'><strong><em>χόας</em></strong></span> <span class='ocrx_word' id='word_1_346' title='bbox 1033 1756 1086 1780; x_wconf 80' lang='grc' dir='ltr'><strong><em>χω-</em></strong></span> 
     </span>
     <span class='ocr_line' id='line_1_44' title="bbox 290 1786 1083 1828; baseline -0.004 -11"><span class='ocrx_word' id='word_1_347' title='bbox 290 1789 405 1828; x_wconf 87' lang='grc' dir='ltr'><strong><em>ρουσῶν,</em></strong></span> <span class='ocrx_word' id='word_1_348' title='bbox 423 1789 568 1827; x_wconf 70' lang='grc' dir='ltr'><strong><em>πάγκαλαι,</em></strong></span> <span class='ocrx_word' id='word_1_349' title='bbox 586 1789 609 1816; x_wconf 83' lang='grc' dir='ltr'><strong><em>εἶ</em></strong></span> <span class='ocrx_word' id='word_1_350' title='bbox 627 1787 749 1823; x_wconf 78' lang='grc' dir='ltr'><strong><em>τοιαύτην</em></strong></span> <span class='ocrx_word' id='word_1_351' title='bbox 767 1786 867 1825; x_wconf 68' lang='grc' dir='ltr'><strong><em>ἐρωτῴη</em></strong></span> <span class='ocrx_word' id='word_1_352' title='bbox 883 1786 995 1825; x_wconf 85' lang='grc' dir='ltr'><strong><em>χύτραν,</em></strong></span> <span class='ocrx_word' id='word_1_353' title='bbox 1016 1793 1019 1807; x_wconf 89' lang='lat'><strong>¹</strong></span> <span class='ocrx_word' id='word_1_354' title='bbox 1038 1800 1083 1815; x_wconf 58' lang='lat' dir='ltr'><strong><em>xa&gt;</em></strong></span> 
     </span>
     <span class='ocr_line' id='line_1_45' title="bbox 290 1828 1089 1870; baseline -0.004 -10"><span class='ocrx_word' id='word_1_355' title='bbox 290 1832 335 1867; x_wconf 82' lang='grc' dir='ltr'><strong><em>λὴν</em></strong></span> <span class='ocrx_word' id='word_1_356' title='bbox 357 1830 532 1870; x_wconf 69' lang='grc' dir='ltr'><strong><em>ὁμολογητέον</em></strong></span> <span class='ocrx_word' id='word_1_357' title='bbox 553 1829 625 1859; x_wconf 70' lang='grc' dir='ltr'><strong><em>εἶναι.</em></strong></span> <span class='ocrx_word' id='word_1_358' title='bbox 646 1830 702 1861; x_wconf 82' lang='grc' dir='ltr'><strong><em>πῶς</em></strong></span> <span class='ocrx_word' id='word_1_359' title='bbox 722 1829 773 1868; x_wconf 78' lang='grc' dir='ltr'><strong><em>γὰρ</em></strong></span> <span class='ocrx_word' id='word_1_360' title='bbox 797 1828 829 1857; x_wconf 71' lang='grc' dir='ltr'><strong><em>ἂν</em></strong></span> <span class='ocrx_word' id='word_1_361' title='bbox 849 1832 945 1867; x_wconf 78' lang='grc' dir='ltr'><strong><em>φαῖμεν</em></strong></span> <span class='ocrx_word' id='word_1_362' title='bbox 962 1829 1042 1857; x_wconf 82' lang='grc' dir='ltr'><strong><em>καλὸν</em></strong></span> <span class='ocrx_word' id='word_1_363' title='bbox 1059 1828 1089 1857; x_wconf 81' lang='grc' dir='ltr'><strong><em>ὂν</em></strong></span> 
     </span>
     <span class='ocr_line' id='line_1_46' title="bbox 289 1867 1088 1911; baseline -0.003 -10"><span class='ocrx_word' id='word_1_364' title='bbox 289 1874 323 1911; x_wconf 85' lang='grc' dir='ltr'><strong><em>μὴ</em></strong></span> <span class='ocrx_word' id='word_1_365' title='bbox 345 1873 425 1901; x_wconf 82' lang='grc' dir='ltr'><strong><em>καλὸν</em></strong></span> <span class='ocrx_word' id='word_1_366' title='bbox 450 1878 527 1907; x_wconf 77' lang='grc' dir='ltr'><strong><em>εἶναι,</em></strong></span> <span class='ocrx_word' id='word_1_367' title='bbox 571 1879 614 1901; x_wconf 89' lang='grc' dir='ltr'><strong><em>ῙΠ.</em></strong></span> <span class='ocrx_word' id='word_1_368' title='bbox 640 1871 776 1909; x_wconf 83' lang='grc' dir='ltr'><strong><em>Ουδαμῶς,</em></strong></span> <span class='ocrx_word' id='word_1_369' title='bbox 804 1867 824 1899; x_wconf 67' lang='grc' dir='ltr'><em>ὦ</em></span> <span class='ocrx_word' id='word_1_370' title='bbox 843 1871 988 1909; x_wconf 79' lang='grc' dir='ltr'><strong><em>Σώκρατες.</em></strong></span> <span class='ocrx_word' id='word_1_371' title='bbox 1033 1877 1088 1899; x_wconf 88' lang='grc' dir='ltr'><strong><em>ΣΩ.</em></strong></span> 
     </span>
     <span class='ocr_line' id='line_1_47' title="bbox 294 1913 1088 1957; baseline -0.004 -13"><span class='ocrx_word' id='word_1_372' title='bbox 294 1914 393 1944; x_wconf 79' lang='grc' dir='ltr'><strong><em>Ουκοῦν</em></strong></span> <span class='ocrx_word' id='word_1_373' title='bbox 419 1929 462 1943; x_wconf 92' lang='grc' dir='ltr'><strong><em>και</em></strong></span> <span class='ocrx_word' id='word_1_374' title='bbox 486 1915 576 1957; x_wconf 75' lang='grc' dir='ltr'><strong><em>χύτρα,</em></strong></span> <span class='ocrx_word' id='word_1_375' title='bbox 604 1913 693 1952; x_wconf 79' lang='grc' dir='ltr'><strong><em>φήσει,</em></strong></span> <span class='ocrx_word' id='word_1_376' title='bbox 721 1913 784 1949; x_wconf 83' lang='grc' dir='ltr'><strong><em>καλὴ</em></strong></span> <span class='ocrx_word' id='word_1_377' title='bbox 810 1913 902 1947; x_wconf 80' lang='grc' dir='ltr'><strong><em>καλόν,·</em></strong></span> <span class='ocrx_word' id='word_1_378' title='bbox 929 1916 1088 1951; x_wconf 81' lang='grc' dir='ltr'><strong><em>Αποκρίνου.</em></strong></span> 
     </span>
     <span class='ocr_line' id='line_1_48' title="bbox 292 1954 1090 1995; baseline -0.003 -9"><span class='ocrx_word' id='word_1_379' title='bbox 292 1956 415 1986; x_wconf 77' lang='grc' dir='ltr'><strong><em>1Π.Λλλ’</em></strong></span> <span class='ocrx_word' id='word_1_380' title='bbox 436 1957 528 1990; x_wconf 80' lang='grc' dir='ltr'><strong><em>ούτως,</em></strong></span> <span class='ocrx_word' id='word_1_381' title='bbox 547 1958 567 1985; x_wconf 81' lang='grc' dir='ltr'><em>ὠ</em></span> <span class='ocrx_word' id='word_1_382' title='bbox 585 1956 733 1995; x_wconf 77' lang='grc' dir='ltr'><strong><em>Σωκρατες,</em></strong></span> <span class='ocrx_word' id='word_1_383' title='bbox 753 1957 816 1992; x_wconf 76' lang='grc' dir='ltr'><strong><em>ἔχει,</em></strong></span> <span class='ocrx_word' id='word_1_384' title='bbox 835 1954 918 1994; x_wconf 79' lang='grc' dir='ltr'><strong><em>οἶμαι·</em></strong></span> <span class='ocrx_word' id='word_1_385' title='bbox 947 1956 1027 1984; x_wconf 82' lang='grc' dir='ltr'><strong><em>καλὸν</em></strong></span> <span class='ocrx_word' id='word_1_386' title='bbox 1043 1958 1090 1993; x_wconf 85' lang='grc' dir='ltr'><strong><em>μὲν</em></strong></span> 
     </span>
     <span class='ocr_line' id='line_1_49' title="bbox 292 1996 1087 2037; baseline -0.003 -9"><span class='ocrx_word' id='word_1_387' title='bbox 292 2013 335 2028; x_wconf 86' lang='grc' dir='ltr'><strong><em>και</em></strong></span> <span class='ocrx_word' id='word_1_388' title='bbox 352 1999 430 2028; x_wconf 73' lang='grc' dir='ltr'><strong><em>τοῦτο</em></strong></span> <span class='ocrx_word' id='word_1_389' title='bbox 449 2000 479 2028; x_wconf 80' lang='grc' dir='ltr'><strong><em>τὸ</em></strong></span> <span class='ocrx_word' id='word_1_390' title='bbox 499 1999 591 2031; x_wconf 75' lang='grc' dir='ltr'><strong><em>σκεῦός</em></strong></span> <span class='ocrx_word' id='word_1_391' title='bbox 609 2003 663 2028; x_wconf 81' lang='grc' dir='ltr'><strong><em>ἐστι</em></strong></span> <span class='ocrx_word' id='word_1_392' title='bbox 680 1999 763 2030; x_wconf 87' lang='grc' dir='ltr'><strong><em>καλῶς</em></strong></span> <span class='ocrx_word' id='word_1_393' title='bbox 780 1998 958 2037; x_wconf 75' lang='grc' dir='ltr'><strong><em>εἰργασμένον,</em></strong></span> <span class='ocrx_word' id='word_1_394' title='bbox 978 1996 1043 2026; x_wconf 76' lang='grc' dir='ltr'><strong><em>αλλὰ</em></strong></span> <span class='ocrx_word' id='word_1_395' title='bbox 1058 1998 1087 2026; x_wconf 82' lang='grc' dir='ltr'><strong><em>τὸ</em></strong></span> 
     </span>
     <span class='ocr_line' id='line_1_50' title="bbox 293 2039 1090 2091; baseline -0.003 -21"><span class='ocrx_word' id='word_1_396' title='bbox 293 2042 354 2070; x_wconf 80' lang='grc' dir='ltr'><strong><em>ὅλον</em></strong></span> <span class='ocrx_word' id='word_1_397' title='bbox 377 2055 455 2071; x_wconf 78' lang='grc' dir='ltr'><strong><em>τουτο</em></strong></span> <span class='ocrx_word' id='word_1_398' title='bbox 475 2054 520 2070; x_wconf 89' lang='grc' dir='ltr'><strong><em>ουκ</em></strong></span> <span class='ocrx_word' id='word_1_399' title='bbox 540 2043 609 2070; x_wconf 73' lang='grc' dir='ltr'><strong><em>ἔστιν</em></strong></span> <span class='ocrx_word' id='word_1_400' title='bbox 627 2040 701 2074; x_wconf 69' lang='grc' dir='ltr'><strong><em>ἀξιον</em></strong></span> <span class='ocrx_word' id='word_1_401' title='bbox 718 2043 810 2091; x_wconf 86' lang='grc' dir='ltr'><strong><em>κρίνειν</em></strong></span> <span class='ocrx_word' id='word_1_402' title='bbox 828 2039 862 2072; x_wconf 83' lang='grc' dir='ltr'><strong><em>ῶς</em></strong></span> <span class='ocrx_word' id='word_1_403' title='bbox 880 2039 910 2069; x_wconf 81' lang='grc' dir='ltr'><strong><em>ὃν</em></strong></span> <span class='ocrx_word' id='word_1_404' title='bbox 927 2040 1007 2069; x_wconf 87' lang='grc' dir='ltr'><strong><em>καλὸν</em></strong></span> <span class='ocrx_word' id='word_1_405' title='bbox 1023 2040 1090 2078; x_wconf 81' lang='grc' dir='ltr'><strong><em>πρὸς</em></strong></span> 
     </span>
     <span class='ocr_line' id='line_1_51' title="bbox 292 2078 1088 2134; baseline -0.003 -21.997"><span class='ocrx_word' id='word_1_406' title='bbox 292 2087 373 2113; x_wconf 86' lang='grc' dir='ltr'><strong><em>ἰππον</em></strong></span> <span class='ocrx_word' id='word_1_407' title='bbox 396 2097 423 2113; x_wconf 81' lang='grc' dir='ltr'><strong><em>τε</em></strong></span> <span class='ocrx_word' id='word_1_408' title='bbox 449 2097 493 2112; x_wconf 90' lang='grc' dir='ltr'><strong><em>και</em></strong></span> <span class='ocrx_word' id='word_1_409' title='bbox 519 2087 668 2134; x_wconf 80' lang='grc' dir='ltr'><strong><em>παρθένον</em></strong></span> <span class='ocrx_word' id='word_1_410' title='bbox 683 2085 726 2111; x_wconf 81' lang='grc' dir='ltr'><strong><em>καὶ</em></strong></span> <span class='ocrx_word' id='word_1_411' title='bbox 748 2078 829 2111; x_wconf 85' lang='grc' dir='ltr'><strong><em>ταλλα</em></strong></span> <span class='ocrx_word' id='word_1_412' title='bbox 850 2081 937 2111; x_wconf 79' lang='grc' dir='ltr'><strong><em>πάντα</em></strong></span> <span class='ocrx_word' id='word_1_413' title='bbox 959 2082 991 2111; x_wconf 84' lang='grc' dir='ltr'><strong><em>τὰ</em></strong></span> <span class='ocrx_word' id='word_1_414' title='bbox 1014 2081 1088 2111; x_wconf 84' lang='grc' dir='ltr'><strong><em>καλα.</em></strong></span> 
     </span>
     <span class='ocr_line' id='line_1_52' title="bbox 293 2123 1087 2175; baseline -0.004 -20"><span class='ocrx_word' id='word_1_415' title='bbox 293 2132 348 2155; x_wconf 92' lang='grc' dir='ltr'><strong><em>ΣΩ.</em></strong></span> <span class='ocrx_word' id='word_1_416' title='bbox 368 2125 436 2155; x_wconf 77' lang='grc' dir='ltr'><strong><em>Εἶεν·</em></strong></span> <span class='ocrx_word' id='word_1_417' title='bbox 454 2125 598 2164; x_wconf 71' lang='grc' dir='ltr'><strong><em>μανθάνω,</em></strong></span> <span class='ocrx_word' id='word_1_418' title='bbox 617 2130 630 2144; x_wconf 70' lang='lat'>*</span> <span class='ocrx_word' id='word_1_419' title='bbox 648 2138 668 2154; x_wconf 92' lang='grc' dir='ltr'><strong><em>ω</em></strong></span> <span class='ocrx_word' id='word_1_420' title='bbox 684 2125 784 2158; x_wconf 87' lang='grc' dir='ltr'><strong><em>Ιππία,</em></strong></span> <span class='ocrx_word' id='word_1_421' title='bbox 803 2124 838 2157; x_wconf 80' lang='grc' dir='ltr'><strong><em>ῶς</em></strong></span> <span class='ocrx_word' id='word_1_422' title='bbox 856 2124 907 2167; x_wconf 84' lang='grc' dir='ltr'><strong><em>α’ρα</em></strong></span> <span class='ocrx_word' id='word_1_423' title='bbox 922 2138 972 2175; x_wconf 88' lang='grc' dir='ltr'><strong><em>χρη</em></strong></span> <span class='ocrx_word' id='word_1_424' title='bbox 991 2123 1087 2153; x_wconf 71' lang='grc' dir='ltr'><strong><em>ἀντιλέ-</em></strong></span> 
     </span>
     <span class='ocr_line' id='line_1_53' title="bbox 291 2166 1088 2207; baseline -0.003 -10"><span class='ocrx_word' id='word_1_425' title='bbox 291 2181 345 2207; x_wconf 83' lang='grc' dir='ltr'><strong><em>γειν</em></strong></span> <span class='ocrx_word' id='word_1_426' title='bbox 366 2169 432 2206; x_wconf 84' lang='grc' dir='ltr'><strong><em>πρὸς</em></strong></span> <span class='ocrx_word' id='word_1_427' title='bbox 454 2169 500 2197; x_wconf 80' lang='grc' dir='ltr'><strong><em>τὸν</em></strong></span> <span class='ocrx_word' id='word_1_428' title='bbox 521 2181 603 2197; x_wconf 88' lang='grc' dir='ltr'><strong><em>ταυτα</em></strong></span> <span class='ocrx_word' id='word_1_429' title='bbox 628 2168 761 2207; x_wconf 74' lang='grc' dir='ltr'><strong><em>ἐρωτῶντα</em></strong></span> <span class='ocrx_word' id='word_1_430' title='bbox 787 2167 861 2201; x_wconf 83' lang='grc' dir='ltr'><strong><em>ταδε,</em></strong></span> <span class='ocrx_word' id='word_1_431' title='bbox 896 2168 925 2195; x_wconf 78' lang='grc' dir='ltr'><em>Ὠ</em></span> <span class='ocrx_word' id='word_1_432' title='bbox 953 2166 1088 2205; x_wconf 68' lang='grc' dir='ltr'><strong><em>ἄνθρωπε,</em></strong></span> 
     </span>
     <span class='ocr_line' id='line_1_54' title="bbox 293 2208 1087 2250; baseline -0.003 -11"><span class='ocrx_word' id='word_1_433' title='bbox 293 2210 406 2250; x_wconf 77' lang='grc' dir='ltr'><strong><em>ἀγνοεῖς,</em></strong></span> <span class='ocrx_word' id='word_1_434' title='bbox 434 2211 473 2239; x_wconf 80' lang='grc' dir='ltr'><strong><em>ὅτι</em></strong></span> <span class='ocrx_word' id='word_1_435' title='bbox 491 2211 520 2239; x_wconf 82' lang='grc' dir='ltr'><strong><em>τὸ</em></strong></span> <span class='ocrx_word' id='word_1_436' title='bbox 539 2211 586 2240; x_wconf 76' lang='grc' dir='ltr'><strong><em>τοῦ</em></strong></span> <span class='ocrx_word' id='word_1_437' title='bbox 601 2210 769 2249; x_wconf 54' lang='grc' dir='ltr'><strong><em>(Ηρακλείτου</em></strong></span> <span class='ocrx_word' id='word_1_438' title='bbox 786 2210 814 2238; x_wconf 80' lang='grc' dir='ltr'><strong><em>εὖ</em></strong></span> <span class='ocrx_word' id='word_1_439' title='bbox 833 2211 894 2246; x_wconf 73' lang='grc' dir='ltr'><strong><em>ἔχει,</em></strong></span> <span class='ocrx_word' id='word_1_440' title='bbox 922 2208 956 2241; x_wconf 83' lang='grc' dir='ltr'><strong><em>ὦς</em></strong></span> <span class='ocrx_word' id='word_1_441' title='bbox 974 2209 1026 2247; x_wconf 72' lang='grc' dir='ltr'><strong><em>ἄρα</em></strong></span> <span class='ocrx_word' id='word_1_442' title='bbox 1043 2222 1087 2237; x_wconf 85' lang='grc' dir='ltr'><strong><em>πι-</em></strong></span> 
     </span>
    </p>
   </div>
   <div class='ocr_carea' id='block_1_8' title="bbox 266 2251 1087 2291">
    <p class='ocr_par' dir='ltr' id='par_1_8' title="bbox 266 2251 1087 2291">
     <span class='ocr_line' id='line_1_55' title="bbox 266 2251 1087 2291; baseline -0.002 -10"><span class='ocrx_word' id='word_1_443' title='bbox 266 2274 271 2276; x_wconf 91' lang='grc'>-</span> <span class='ocrx_word' id='word_1_444' title='bbox 292 2252 383 2289; x_wconf 83' lang='grc' dir='ltr'><strong><em>θήκων</em></strong></span> <span class='ocrx_word' id='word_1_445' title='bbox 406 2265 419 2281; x_wconf 92' lang='grc' dir='ltr'><strong><em>ο</em></strong></span> <span class='ocrx_word' id='word_1_446' title='bbox 442 2253 577 2285; x_wconf 81' lang='grc' dir='ltr'><strong><em>κάλλιστος</em></strong></span> <span class='ocrx_word' id='word_1_447' title='bbox 594 2253 702 2291; x_wconf 74' lang='grc' dir='ltr'><strong><em>αἰσχρὸς</em></strong></span> <span class='ocrx_word' id='word_1_448' title='bbox 721 2251 871 2291; x_wconf 87' lang='grc' dir='ltr'><strong><em>ανθρωπων</em></strong></span> <span class='ocrx_word' id='word_1_449' title='bbox 887 2254 954 2289; x_wconf 79' lang='grc' dir='ltr'><strong><em>γένει</em></strong></span> <span class='ocrx_word' id='word_1_450' title='bbox 971 2251 1087 2290; x_wconf 76' lang='grc' dir='ltr'><strong><em>συμβάλ-</em></strong></span> 
     </span>
    </p>
   </div>
   <div class='ocr_carea' id='block_1_9' title="bbox 290 2294 1091 2714">
    <p class='ocr_par' dir='ltr' id='par_1_9' title="bbox 290 2294 1091 2714">
     <span class='ocr_line' id='line_1_56' title="bbox 292 2294 1090 2345; baseline 0 -22"><span class='ocrx_word' id='word_1_451' title='bbox 292 2298 355 2328; x_wconf 85' lang='grc' dir='ltr'><strong><em>λειν,</em></strong></span> <span class='ocrx_word' id='word_1_452' title='bbox 381 2308 425 2323; x_wconf 90' lang='grc' dir='ltr'><strong><em>και</em></strong></span> <span class='ocrx_word' id='word_1_453' title='bbox 444 2296 545 2345; x_wconf 80' lang='grc' dir='ltr'><strong><em>χυτρῶν</em></strong></span> <span class='ocrx_word' id='word_1_454' title='bbox 566 2294 581 2331; x_wconf 78' lang='grc' dir='ltr'><em>ἢ</em></span> <span class='ocrx_word' id='word_1_455' title='bbox 603 2297 724 2330; x_wconf 74' lang='grc' dir='ltr'><strong><em>καλλίστη</em></strong></span> <span class='ocrx_word' id='word_1_456' title='bbox 747 2294 843 2333; x_wconf 77' lang='grc' dir='ltr'><strong><em>αἰσχρὰ</em></strong></span> <span class='ocrx_word' id='word_1_457' title='bbox 864 2297 1007 2333; x_wconf 83' lang='grc' dir='ltr'><strong><em>παρθένων</em></strong></span> <span class='ocrx_word' id='word_1_458' title='bbox 1020 2297 1090 2344; x_wconf 69' lang='grc' dir='ltr'><strong><em>γένει</em></strong></span> 
     </span>
     <span class='ocr_line' id='line_1_57' title="bbox 294 2335 1089 2375; baseline -0.001 -9"><span class='ocrx_word' id='word_1_459' title='bbox 294 2336 457 2375; x_wconf 70' lang='grc' dir='ltr'><strong><em>συμβάλλειν,</em></strong></span> <span class='ocrx_word' id='word_1_460' title='bbox 485 2337 519 2369; x_wconf 78' lang='grc' dir='ltr'><strong><em>ὥς</em></strong></span> <span class='ocrx_word' id='word_1_461' title='bbox 539 2350 618 2374; x_wconf 86' lang='grc' dir='ltr'><strong><em>φησιν</em></strong></span> <span class='ocrx_word' id='word_1_462' title='bbox 637 2337 739 2368; x_wconf 84' lang='grc' dir='ltr'><strong><em>Ιππίας</em></strong></span> <span class='ocrx_word' id='word_1_463' title='bbox 757 2350 771 2366; x_wconf 94' lang='grc' dir='ltr'><strong><em>ο</em></strong></span> <span class='ocrx_word' id='word_1_464' title='bbox 791 2336 882 2373; x_wconf 81' lang='grc' dir='ltr'><strong><em>σοφός.</em></strong></span> <span class='ocrx_word' id='word_1_465' title='bbox 929 2335 982 2373; x_wconf 88' lang='grc' dir='ltr'><strong><em>Ουχ</em></strong></span> <span class='ocrx_word' id='word_1_466' title='bbox 1000 2336 1089 2370; x_wconf 75' lang='grc' dir='ltr'><strong><em>ούτως,</em></strong></span> 
     </span>
     <span class='ocr_line' id='line_1_58' title="bbox 292 2378 1090 2421; baseline -0.001 -13"><span class='ocrx_word' id='word_1_467' title='bbox 292 2393 312 2408; x_wconf 87' lang='grc' dir='ltr'><strong><em>ω</em></strong></span> <span class='ocrx_word' id='word_1_468' title='bbox 327 2378 428 2414; x_wconf 80' lang='grc' dir='ltr'><strong><em>Ιππία;</em></strong></span> <span class='ocrx_word' id='word_1_469' title='bbox 472 2386 516 2408; x_wconf 89' lang='grc' dir='ltr'><strong><em>ῙΠ.</em></strong></span> <span class='ocrx_word' id='word_1_470' title='bbox 542 2386 620 2408; x_wconf 84' lang='grc' dir='ltr'><strong><em>Πανυ</em></strong></span> <span class='ocrx_word' id='word_1_471' title='bbox 640 2382 687 2418; x_wconf 83' lang='grc' dir='ltr'><strong><em>μὲν</em></strong></span> <span class='ocrx_word' id='word_1_472' title='bbox 709 2381 766 2412; x_wconf 81' lang='grc' dir='ltr'><strong><em>οὐν,</em></strong></span> <span class='ocrx_word' id='word_1_473' title='bbox 790 2392 809 2407; x_wconf 94' lang='grc' dir='ltr'><strong><em>ω</em></strong></span> <span class='ocrx_word' id='word_1_474' title='bbox 827 2378 975 2417; x_wconf 85' lang='grc' dir='ltr'><strong><em>Σωκρατες,</em></strong></span> <span class='ocrx_word' id='word_1_475' title='bbox 999 2378 1090 2421; x_wconf 79' lang='grc' dir='ltr'><strong><em>ὀρθῶς</em></strong></span> 
     </span>
     <span class='ocr_line' id='line_1_59' title="bbox 470 2420 1087 2460; baseline 0 -10"><span class='ocrx_word' id='word_1_476' title='bbox 470 2428 525 2450; x_wconf 89' lang='grc' dir='ltr'><strong><em>ΣΩ.</em></strong></span> <span class='ocrx_word' id='word_1_477' title='bbox 548 2421 638 2450; x_wconf 75' lang='grc' dir='ltr'><strong><em>Ἀκουε</em></strong></span> <span class='ocrx_word' id='word_1_478' title='bbox 662 2422 698 2457; x_wconf 76' lang='grc' dir='ltr'><strong><em>δή.</em></strong></span> <span class='ocrx_word' id='word_1_479' title='bbox 724 2421 790 2459; x_wconf 78' lang='grc' dir='ltr'><strong><em>μετὰ</em></strong></span> <span class='ocrx_word' id='word_1_480' title='bbox 813 2422 890 2450; x_wconf 77' lang='grc' dir='ltr'><strong><em>τοῦτο</em></strong></span> <span class='ocrx_word' id='word_1_481' title='bbox 911 2422 963 2460; x_wconf 79' lang='grc' dir='ltr'><strong><em>γὰρ</em></strong></span> <span class='ocrx_word' id='word_1_482' title='bbox 985 2423 1013 2450; x_wconf 74' lang='grc' dir='ltr'><strong><em>εὖ</em></strong></span> <span class='ocrx_word' id='word_1_483' title='bbox 1037 2420 1087 2450; x_wconf 74' lang='grc' dir='ltr'><strong><em>οἶδ</em></strong></span> 
     </span>
     <span class='ocr_line' id='line_1_60' title="bbox 292 2463 1088 2514; baseline -0.001 -21"><span class='ocrx_word' id='word_1_484' title='bbox 292 2464 331 2493; x_wconf 80' lang='grc' dir='ltr'><strong><em>ὅτι</em></strong></span> <span class='ocrx_word' id='word_1_485' title='bbox 349 2463 436 2501; x_wconf 84' lang='grc' dir='ltr'><strong><em>φήσει’</em></strong></span> <span class='ocrx_word' id='word_1_486' title='bbox 458 2466 490 2492; x_wconf 88' lang='grc' dir='ltr'><strong><em>Τί</em></strong></span> <span class='ocrx_word' id='word_1_487' title='bbox 507 2465 544 2497; x_wconf 85' lang='grc' dir='ltr'><strong><em>δέ,</em></strong></span> <span class='ocrx_word' id='word_1_488' title='bbox 563 2465 584 2492; x_wconf 67' lang='lat' dir='ltr'><strong><em>a}</em></strong></span> <span class='ocrx_word' id='word_1_489' title='bbox 601 2464 749 2501; x_wconf 80' lang='grc' dir='ltr'><strong><em>Σώκρατες,·</em></strong></span> <span class='ocrx_word' id='word_1_490' title='bbox 768 2464 798 2492; x_wconf 79' lang='grc' dir='ltr'><strong><em>τὸ</em></strong></span> <span class='ocrx_word' id='word_1_491' title='bbox 818 2464 868 2492; x_wconf 78' lang='grc' dir='ltr'><strong><em>τῶν</em></strong></span> <span class='ocrx_word' id='word_1_492' title='bbox 884 2466 1028 2514; x_wconf 80' lang='grc' dir='ltr'><strong><em>παρθένων</em></strong></span> <span class='ocrx_word' id='word_1_493' title='bbox 1044 2476 1088 2502; x_wconf 83' lang='grc' dir='ltr'><strong><em>γε-</em></strong></span> 
     </span>
     <span class='ocr_line' id='line_1_61' title="bbox 292 2504 1087 2545; baseline 0 -10"><span class='ocrx_word' id='word_1_494' title='bbox 292 2518 336 2538; x_wconf 87' lang='grc' dir='ltr'><strong><em>νος</em></strong></span> <span class='ocrx_word' id='word_1_495' title='bbox 360 2507 430 2535; x_wconf 84' lang='grc' dir='ltr'><strong><em>θεῶν</em></strong></span> <span class='ocrx_word' id='word_1_496' title='bbox 450 2509 516 2545; x_wconf 79' lang='grc' dir='ltr'><strong><em>γένει</em></strong></span> <span class='ocrx_word' id='word_1_497' title='bbox 539 2513 543 2527; x_wconf 91' lang='lat'><strong>¹</strong></span> <span class='ocrx_word' id='word_1_498' title='bbox 567 2505 599 2534; x_wconf 80' lang='grc' dir='ltr'><strong><em>ἂν</em></strong></span> <span class='ocrx_word' id='word_1_499' title='bbox 616 2518 653 2537; x_wconf 90' lang='grc' dir='ltr'><strong><em>τις</em></strong></span> <span class='ocrx_word' id='word_1_500' title='bbox 671 2505 816 2543; x_wconf 76' lang='grc' dir='ltr'><strong><em>συμβάλλη,</em></strong></span> <span class='ocrx_word' id='word_1_501' title='bbox 840 2504 871 2534; x_wconf 79' lang='grc' dir='ltr'><strong><em>οὗ</em></strong></span> <span class='ocrx_word' id='word_1_502' title='bbox 886 2505 982 2535; x_wconf 75' lang='grc' dir='ltr'><strong><em>ταύτὸν</em></strong></span> <span class='ocrx_word' id='word_1_503' title='bbox 999 2508 1087 2535; x_wconf 85' lang='grc' dir='ltr'><strong><em>πείσε-</em></strong></span> 
     </span>
     <span class='ocr_line' id='line_1_62' title="bbox 291 2548 1087 2587; baseline -0.001 -10"><span class='ocrx_word' id='word_1_504' title='bbox 291 2561 346 2581; x_wconf 83' lang='grc' dir='ltr'><strong><em>ται,</em></strong></span> <span class='ocrx_word' id='word_1_505' title='bbox 374 2548 438 2587; x_wconf 81' lang='grc' dir='ltr'><strong><em>ὅπερ</em></strong></span> <span class='ocrx_word' id='word_1_506' title='bbox 460 2548 490 2577; x_wconf 82' lang='grc' dir='ltr'><strong><em>τὸ</em></strong></span> <span class='ocrx_word' id='word_1_507' title='bbox 508 2548 558 2577; x_wconf 83' lang='grc' dir='ltr'><strong><em>τῶν</em></strong></span> <span class='ocrx_word' id='word_1_508' title='bbox 573 2548 674 2587; x_wconf 85' lang='grc' dir='ltr'><strong><em>χυτρῶν</em></strong></span> <span class='ocrx_word' id='word_1_509' title='bbox 690 2549 726 2585; x_wconf 78' lang='grc' dir='ltr'><strong><em>τῷ</em></strong></span> <span class='ocrx_word' id='word_1_510' title='bbox 744 2549 793 2576; x_wconf 81' lang='grc' dir='ltr'><strong><em>τῶν</em></strong></span> <span class='ocrx_word' id='word_1_511' title='bbox 811 2551 954 2586; x_wconf 78' lang='grc' dir='ltr'><strong><em>παρθένων</em></strong></span> <span class='ocrx_word' id='word_1_512' title='bbox 971 2549 1087 2586; x_wconf 80' lang='grc' dir='ltr'><strong><em>συμβαλ-</em></strong></span> 
     </span>
     <span class='ocr_line' id='line_1_63' title="bbox 292 2589 1089 2640; baseline 0 -22"><span class='ocrx_word' id='word_1_513' title='bbox 292 2590 411 2628; x_wconf 82' lang='grc' dir='ltr'><strong><em>λόμενον;</em></strong></span> <span class='ocrx_word' id='word_1_514' title='bbox 439 2589 486 2626; x_wconf 77' lang='grc' dir='ltr'><strong><em>οὐχ</em></strong></span> <span class='ocrx_word' id='word_1_515' title='bbox 508 2590 523 2627; x_wconf 86' lang='grc' dir='ltr'><strong><em>ἦ</em></strong></span> <span class='ocrx_word' id='word_1_516' title='bbox 544 2593 666 2640; x_wconf 79' lang='grc' dir='ltr'><strong><em>καλλίστη</em></strong></span> <span class='ocrx_word' id='word_1_517' title='bbox 686 2593 824 2640; x_wconf 61' lang='grc' dir='ltr'><strong><em>μαρθενος</em></strong></span> <span class='ocrx_word' id='word_1_518' title='bbox 842 2590 938 2629; x_wconf 78' lang='grc' dir='ltr'><strong><em>αἰσχρὰ</em></strong></span> <span class='ocrx_word' id='word_1_519' title='bbox 956 2594 1089 2628; x_wconf 84' lang='grc' dir='ltr'><strong><em>φανεῖται,·</em></strong></span> 
     </span>
     <span class='ocr_line' id='line_1_64' title="bbox 290 2631 1088 2681; baseline -0.001 -20"><span class='ocrx_word' id='word_1_520' title='bbox 290 2632 306 2667; x_wconf 83' lang='grc' dir='ltr'><em>ἢ</em></span> <span class='ocrx_word' id='word_1_521' title='bbox 325 2645 356 2661; x_wconf 86' lang='grc' dir='ltr'><strong><em>ου</em></strong></span> <span class='ocrx_word' id='word_1_522' title='bbox 374 2646 417 2661; x_wconf 90' lang='grc' dir='ltr'><strong><em>και</em></strong></span> <span class='ocrx_word' id='word_1_523' title='bbox 432 2632 598 2671; x_wconf 76' lang='grc' dir='ltr'><strong><em>Ηράκλειτος</em></strong></span> <span class='ocrx_word' id='word_1_524' title='bbox 614 2631 710 2661; x_wconf 80' lang='grc' dir='ltr'><strong><em>ταύτὸν</em></strong></span> <span class='ocrx_word' id='word_1_525' title='bbox 727 2633 804 2661; x_wconf 77' lang='grc' dir='ltr'><strong><em>τοῦτο</em></strong></span> <span class='ocrx_word' id='word_1_526' title='bbox 823 2635 900 2681; x_wconf 82' lang='grc' dir='ltr'><strong><em>λέγει,</em></strong></span> <span class='ocrx_word' id='word_1_527' title='bbox 924 2645 955 2662; x_wconf 89' lang='grc' dir='ltr'><strong><em>ον</em></strong></span> <span class='ocrx_word' id='word_1_528' title='bbox 972 2633 1005 2662; x_wconf 79' lang='grc' dir='ltr'><strong><em>σὺ</em></strong></span> <span class='ocrx_word' id='word_1_529' title='bbox 1024 2631 1088 2661; x_wconf 82' lang='grc' dir='ltr'><strong><em>ἐπα-</em></strong></span> 
     </span>
     <span class='ocr_line' id='line_1_65' title="bbox 291 2674 1091 2714; baseline 0.003 -12"><span class='ocrx_word' id='word_1_530' title='bbox 291 2687 342 2713; x_wconf 82' lang='grc' dir='ltr'><strong><em>γει,</em></strong></span> <span class='ocrx_word' id='word_1_531' title='bbox 365 2674 405 2704; x_wconf 74' lang='grc' dir='ltr'><strong><em>ὅτι</em></strong></span> <span class='ocrx_word' id='word_1_532' title='bbox 427 2674 578 2714; x_wconf 66' lang='grc' dir='ltr'><strong><em>ἀνθρώπων</em></strong></span> <span class='ocrx_word' id='word_1_533' title='bbox 599 2675 614 2704; x_wconf 81' lang='grc' dir='ltr'><em>ὃ</em></span> <span class='ocrx_word' id='word_1_534' title='bbox 633 2686 788 2713; x_wconf 85' lang='grc' dir='ltr'><strong><em>σοφωτατος</em></strong></span> <span class='ocrx_word' id='word_1_535' title='bbox 806 2674 872 2713; x_wconf 84' lang='grc' dir='ltr'><strong><em>πρὸς</em></strong></span> <span class='ocrx_word' id='word_1_536' title='bbox 890 2676 958 2704; x_wconf 82' lang='grc' dir='ltr'><strong><em>θεὸν</em></strong></span> <span class='ocrx_word' id='word_1_537' title='bbox 974 2677 1091 2712; x_wconf 82' lang='grc' dir='ltr'><strong><em>πίθηκος</em></strong></span> 
     </span>
    </p>
   </div>
   <div class='ocr_carea' id='block_1_10' title="bbox 293 2434 426 2460">
    <p class='ocr_par' dir='ltr' id='par_1_10' title="bbox 293 2434 426 2460">
     <span class='ocr_line' id='line_1_66' title="bbox 293 2434 426 2460; baseline 0.008 -11"><span class='ocrx_word' id='word_1_538' title='bbox 293 2434 426 2460; x_wconf 63' lang='grc' dir='ltr'><strong><em>απεκρίνω.</em></strong></span> 
     </span>
    </p>
   </div>
   <div class='ocr_carea' id='block_1_11' title="bbox 1098 319 1112 1634">
    <p class='ocr_par' dir='ltr' id='par_1_11' title="bbox 1098 319 1112 1634">
     <span class='ocr_line' id='line_1_67' title="bbox 1098 319 1112 1634; baseline 0 0"><span class='ocrx_word' id='word_1_539' title='bbox 1098 319 1112 1634; x_wconf 95' lang='lat' dir='ltr'><strong><em> </em></strong></span> 
     </span>
    </p>
   </div>
   <div class='ocr_carea' id='block_1_12' title="bbox 1106 284 1124 2451">
    <p class='ocr_par' dir='ltr' id='par_1_12' title="bbox 1106 284 1124 2451">
     <span class='ocr_line' id='line_1_68' title="bbox 1106 284 1124 2451; baseline 0 0"><span class='ocrx_word' id='word_1_540' title='bbox 1106 284 1124 2451; x_wconf 95' lang='lat' dir='ltr'><strong><em> </em></strong></span> 
     </span>
    </p>
   </div>
   <div class='ocr_carea' id='block_1_13' title="bbox 951 149 1246 176">
    <p class='ocr_par' dir='ltr' id='par_1_13' title="bbox 951 149 1246 176">
     <span class='ocr_line' id='line_1_69' title="bbox 951 149 1246 176; baseline 0 0"><span class='ocrx_word' id='word_1_541' title='bbox 951 149 1246 176; x_wconf 81' lang='lat' dir='ltr'>PLATOle</span> 
     </span>
    </p>
   </div>
   <div class='ocr_carea' id='block_1_14' title="bbox 1124 227 1936 1952">
    <p class='ocr_par' dir='ltr' id='par_1_14' title="bbox 1125 227 1916 265">
     <span class='ocr_line' id='line_1_70' title="bbox 1125 227 1916 265; baseline 0 -10"><span class='ocrx_word' id='word_1_542' title='bbox 1125 231 1244 264; x_wconf 81' lang='grc' dir='ltr'><strong><em>φανεῖται</em></strong></span> <span class='ocrx_word' id='word_1_543' title='bbox 1265 229 1309 256; x_wconf 78' lang='grc' dir='ltr'><strong><em>καὶ</em></strong></span> <span class='ocrx_word' id='word_1_544' title='bbox 1330 230 1410 265; x_wconf 76' lang='grc' dir='ltr'><strong><em>σοφίᾳ</em></strong></span> <span class='ocrx_word' id='word_1_545' title='bbox 1427 230 1470 256; x_wconf 81' lang='grc' dir='ltr'><strong><em>καὶ</em></strong></span> <span class='ocrx_word' id='word_1_546' title='bbox 1487 229 1571 257; x_wconf 77' lang='grc' dir='ltr'><strong><em>κάλλει</em></strong></span> <span class='ocrx_word' id='word_1_547' title='bbox 1588 230 1631 257; x_wconf 82' lang='grc' dir='ltr'><strong><em>καὶ</em></strong></span> <span class='ocrx_word' id='word_1_548' title='bbox 1648 232 1703 260; x_wconf 85' lang='grc' dir='ltr'><strong><em>τοῖς</em></strong></span> <span class='ocrx_word' id='word_1_549' title='bbox 1721 227 1805 259; x_wconf 70' lang='grc' dir='ltr'><strong><em>ἄλλοις</em></strong></span> <span class='ocrx_word' id='word_1_550' title='bbox 1822 227 1916 256; x_wconf 75' lang='grc' dir='ltr'><strong><em>πᾶσιν·</em></strong></span> 
     </span>
    </p>

    <p class='ocr_par' dir='ltr' id='par_1_15' title="bbox 1124 266 1933 1613">
     <span class='ocr_line' id='line_1_71' title="bbox 1124 266 1918 307; baseline 0 -10"><span class='ocrx_word' id='word_1_551' title='bbox 1124 268 1349 307; x_wconf 79' lang='grc' dir='ltr'><strong><em>Ὁμολογήσωμεν,</em></strong></span> <span class='ocrx_word' id='word_1_552' title='bbox 1382 266 1402 298; x_wconf 80' lang='grc' dir='ltr'><strong><em>ῶ</em></strong></span> <span class='ocrx_word' id='word_1_553' title='bbox 1425 269 1524 304; x_wconf 88' lang='grc' dir='ltr'><strong><em>Ιππία,</em></strong></span> <span class='ocrx_word' id='word_1_554' title='bbox 1551 284 1595 306; x_wconf 87' lang='grc' dir='ltr'><strong><em>την</em></strong></span> <span class='ocrx_word' id='word_1_555' title='bbox 1622 273 1756 305; x_wconf 77' lang='grc' dir='ltr'><strong><em>καλλίσ-ιην</em></strong></span> <span class='ocrx_word' id='word_1_556' title='bbox 1782 273 1918 307; x_wconf 76' lang='grc' dir='ltr'><strong><em>παρθένον</em></strong></span> 
     </span>
     <span class='ocr_line' id='line_1_72' title="bbox 1126 310 1916 352; baseline 0.001 -14"><span class='ocrx_word' id='word_1_557' title='bbox 1126 311 1193 349; x_wconf 84' lang='grc' dir='ltr'><strong><em>πρὸς</em></strong></span> <span class='ocrx_word' id='word_1_558' title='bbox 1210 312 1283 339; x_wconf 82' lang='grc' dir='ltr'><strong><em>θεῶν</em></strong></span> <span class='ocrx_word' id='word_1_559' title='bbox 1298 313 1372 349; x_wconf 75' lang='grc' dir='ltr'><strong><em>γένος</em></strong></span> <span class='ocrx_word' id='word_1_560' title='bbox 1390 312 1501 352; x_wconf 71' lang='grc' dir='ltr'><strong><em>αῖσχρὰν</em></strong></span> <span class='ocrx_word' id='word_1_561' title='bbox 1517 311 1593 346; x_wconf 73' lang='grc' dir='ltr'><strong><em>εἷναις</em></strong></span> <span class='ocrx_word' id='word_1_562' title='bbox 1629 319 1672 341; x_wconf 83' lang='lat' dir='ltr'><strong><em>m.</em></strong></span> <span class='ocrx_word' id='word_1_563' title='bbox 1692 314 1736 343; x_wconf 85' lang='grc' dir='ltr'><strong><em>Τίς</em></strong></span> <span class='ocrx_word' id='word_1_564' title='bbox 1751 312 1802 350; x_wconf 79' lang='grc' dir='ltr'><strong><em>γὰρ</em></strong></span> <span class='ocrx_word' id='word_1_565' title='bbox 1821 324 1853 340; x_wconf 89' lang='grc' dir='ltr'><strong><em>αν</em></strong></span> <span class='ocrx_word' id='word_1_566' title='bbox 1871 310 1916 339; x_wconf 79' lang='grc' dir='ltr'><strong><em>ἆν-</em></strong></span> 
     </span>
     <span class='ocr_line' id='line_1_73' title="bbox 1128 352 1919 392; baseline 0.001 -12"><span class='ocrx_word' id='word_1_567' title='bbox 1128 355 1211 381; x_wconf 85' lang='grc' dir='ltr'><strong><em>τείποι</em></strong></span> <span class='ocrx_word' id='word_1_568' title='bbox 1228 352 1311 390; x_wconf 80' lang='grc' dir='ltr'><strong><em>τούτῳ</em></strong></span> <span class='ocrx_word' id='word_1_569' title='bbox 1328 365 1366 391; x_wconf 84' lang='grc' dir='ltr'><strong><em>γε,</em></strong></span> <span class='ocrx_word' id='word_1_570' title='bbox 1385 354 1405 381; x_wconf 78' lang='grc' dir='ltr'><em>ὦ</em></span> <span class='ocrx_word' id='word_1_571' title='bbox 1421 353 1569 392; x_wconf 82' lang='grc' dir='ltr'><strong><em>Σωκρατες,·</em></strong></span> <span class='ocrx_word' id='word_1_572' title='bbox 1604 361 1659 383; x_wconf 82' lang='grc' dir='ltr'><strong><em>ΣΩ.</em></strong></span> <span class='ocrx_word' id='word_1_573' title='bbox 1673 354 1719 382; x_wconf 84' lang='grc' dir='ltr'><strong><em>Αν</em></strong></span> <span class='ocrx_word' id='word_1_574' title='bbox 1735 356 1820 382; x_wconf 79' lang='grc' dir='ltr'><strong><em>τοίνυν</em></strong></span> <span class='ocrx_word' id='word_1_575' title='bbox 1837 354 1919 381; x_wconf 83' lang='grc' dir='ltr'><strong><em>ταῦτα</em></strong></span> 
     </span>
     <span class='ocr_line' id='line_1_74' title="bbox 1130 394 1918 445; baseline 0.001 -23"><span class='ocrx_word' id='word_1_576' title='bbox 1130 401 1133 415; x_wconf 96' lang='lat'><strong>¹</strong></span> <span class='ocrx_word' id='word_1_577' title='bbox 1154 394 1366 445; x_wconf 82' lang='grc' dir='ltr'><strong><em>ομολογήσωμεν,</em></strong></span> <span class='ocrx_word' id='word_1_578' title='bbox 1383 394 1521 433; x_wconf 84' lang='grc' dir='ltr'><strong><em>γελασεταί</em></strong></span> <span class='ocrx_word' id='word_1_579' title='bbox 1536 409 1563 425; x_wconf 93' lang='grc' dir='ltr'><strong><em>τε</em></strong></span> <span class='ocrx_word' id='word_1_580' title='bbox 1580 410 1624 425; x_wconf 85' lang='grc' dir='ltr'><strong><em>και</em></strong></span> <span class='ocrx_word' id='word_1_581' title='bbox 1642 400 1702 434; x_wconf 85' lang='grc' dir='ltr'><strong><em>ερεῖ·</em></strong></span> <span class='ocrx_word' id='word_1_582' title='bbox 1730 398 1758 423; x_wconf 88' lang='grc' dir='ltr'><strong><em>Ω</em></strong></span> <span class='ocrx_word' id='word_1_583' title='bbox 1775 395 1918 433; x_wconf 79' lang='grc' dir='ltr'><strong><em>Σώκρατες,</em></strong></span> 
     </span>
     <span class='ocr_line' id='line_1_75' title="bbox 1127 435 1918 490; baseline 0.001 -26"><span class='ocrx_word' id='word_1_584' title='bbox 1127 439 1255 486; x_wconf 82' lang='grc' dir='ltr'><strong><em>μέμνησαι</em></strong></span> <span class='ocrx_word' id='word_1_585' title='bbox 1272 449 1318 465; x_wconf 92' lang='grc' dir='ltr'><strong><em>ουν</em></strong></span> <span class='ocrx_word' id='word_1_586' title='bbox 1336 436 1351 465; x_wconf 85' lang='grc' dir='ltr'><strong><em>ὅ</em></strong></span> <span class='ocrx_word' id='word_1_587' title='bbox 1368 449 1393 464; x_wconf 94' lang='grc' dir='ltr'><strong><em>τι</em></strong></span> <span class='ocrx_word' id='word_1_588' title='bbox 1409 435 1557 490; x_wconf 73' lang='grc' dir='ltr'><strong><em>ἠρωτήθηςς</em></strong></span> <span class='ocrx_word' id='word_1_589' title='bbox 1588 438 1691 488; x_wconf 82' lang='grc' dir='ltr'><strong><em>Ἐγωγε,</em></strong></span> <span class='ocrx_word' id='word_1_590' title='bbox 1707 437 1793 474; x_wconf 79' lang='grc' dir='ltr'><strong><em>φήσω,</em></strong></span> <span class='ocrx_word' id='word_1_591' title='bbox 1813 437 1853 466; x_wconf 80' lang='grc' dir='ltr'><strong><em>ότι</em></strong></span> <span class='ocrx_word' id='word_1_592' title='bbox 1871 436 1918 465; x_wconf 80' lang='grc' dir='ltr'><strong><em>αὐ-</em></strong></span> 
     </span>
     <span class='ocr_line' id='line_1_76' title="bbox 1130 477 1919 530; baseline 0.001 -24"><span class='ocrx_word' id='word_1_593' title='bbox 1130 479 1158 506; x_wconf 84' lang='grc' dir='ltr'><strong><em>τὸ</em></strong></span> <span class='ocrx_word' id='word_1_594' title='bbox 1178 478 1208 507; x_wconf 82' lang='grc' dir='ltr'><strong><em>τὸ</em></strong></span> <span class='ocrx_word' id='word_1_595' title='bbox 1226 478 1333 507; x_wconf 85' lang='grc' dir='ltr'><strong><em>καλὸν</em></strong></span> <span class='ocrx_word' id='word_1_596' title='bbox 1323 477 1339 506; x_wconf 90' lang='grc' dir='ltr'><strong><em>ο’</em></strong></span> <span class='ocrx_word' id='word_1_597' title='bbox 1356 480 1380 506; x_wconf 90' lang='grc' dir='ltr'><strong><em>τί</em></strong></span> <span class='ocrx_word' id='word_1_598' title='bbox 1396 477 1454 506; x_wconf 71' lang='grc' dir='ltr'><strong><em>ποτ’</em></strong></span> <span class='ocrx_word' id='word_1_599' title='bbox 1475 482 1549 508; x_wconf 80' lang='grc' dir='ltr'><strong><em>ἐστίν,</em></strong></span> <span class='ocrx_word' id='word_1_600' title='bbox 1589 479 1700 513; x_wconf 83' lang='grc' dir='ltr'><strong><em>Επειτα,</em></strong></span> <span class='ocrx_word' id='word_1_601' title='bbox 1719 479 1806 530; x_wconf 77' lang='grc' dir='ltr'><strong><em>φήσει,</em></strong></span> <span class='ocrx_word' id='word_1_602' title='bbox 1826 483 1919 528; x_wconf 82' lang='grc' dir='ltr'><strong><em>ἐρωτη-</em></strong></span> 
     </span>
     <span class='ocr_line' id='line_1_77' title="bbox 1130 519 1922 572; baseline 0.003 -24"><span class='ocrx_word' id='word_1_603' title='bbox 1130 521 1190 552; x_wconf 80' lang='grc' dir='ltr'><strong><em>θεῖς</em></strong></span> <span class='ocrx_word' id='word_1_604' title='bbox 1215 520 1244 549; x_wconf 84' lang='grc' dir='ltr'><strong><em>τὸ</em></strong></span> <span class='ocrx_word' id='word_1_605' title='bbox 1271 519 1358 553; x_wconf 86' lang='grc' dir='ltr'><strong><em>καλόν,</em></strong></span> <span class='ocrx_word' id='word_1_606' title='bbox 1386 519 1517 558; x_wconf 73' lang='grc' dir='ltr'><strong><em>ἀποκρίνει</em></strong></span> <span class='ocrx_word' id='word_1_607' title='bbox 1542 521 1558 550; x_wconf 78' lang='grc' dir='ltr'><em>ὃ</em></span> <span class='ocrx_word' id='word_1_608' title='bbox 1566 522 1697 572; x_wconf 74' lang='grc' dir='ltr'><strong><em>τυγχάνει</em></strong></span> <span class='ocrx_word' id='word_1_609' title='bbox 1719 522 1761 555; x_wconf 77' lang='grc' dir='ltr'><strong><em>ὅν,</em></strong></span> <span class='ocrx_word' id='word_1_610' title='bbox 1789 521 1822 553; x_wconf 76' lang='grc' dir='ltr'><strong><em>ὡς</em></strong></span> <span class='ocrx_word' id='word_1_611' title='bbox 1844 520 1922 553; x_wconf 84' lang='grc' dir='ltr'><strong><em>αυτὸς</em></strong></span> 
     </span>
     <span class='ocr_line' id='line_1_78' title="bbox 1129 561 1922 615; baseline 0.006 -26"><span class='ocrx_word' id='word_1_612' title='bbox 1129 574 1192 599; x_wconf 90' lang='grc' dir='ltr'><strong><em>φης,</em></strong></span> <span class='ocrx_word' id='word_1_613' title='bbox 1216 561 1290 591; x_wconf 82' lang='grc' dir='ltr'><strong><em>ουδὲν</em></strong></span> <span class='ocrx_word' id='word_1_614' title='bbox 1305 563 1404 599; x_wconf 74' lang='grc' dir='ltr'><strong><em>μᾶλλον</em></strong></span> <span class='ocrx_word' id='word_1_615' title='bbox 1420 563 1528 591; x_wconf 81' lang='grc' dir='ltr'><strong><em>καλὸν’“</em></strong></span> <span class='ocrx_word' id='word_1_616' title='bbox 1513 576 1529 599; x_wconf 69' lang='grc' dir='ltr'><strong><em>η</em></strong></span> <span class='ocrx_word' id='word_1_617' title='bbox 1547 563 1667 612; x_wconf 74' lang='grc' dir='ltr'><strong><em>αἶσχρόνς</em></strong></span> <span class='ocrx_word' id='word_1_618' title='bbox 1684 563 1774 597; x_wconf 52' lang='lat' dir='ltr'><strong><em>”Eoum</em></strong></span> <span class='ocrx_word' id='word_1_619' title='bbox 1793 563 1880 615; x_wconf 55' lang='grc' dir='ltr'><strong><em>φῄσω</em></strong></span> <span class='ocrx_word' id='word_1_620' title='bbox 1906 576 1922 598; x_wconf 88' lang='grc' dir='ltr'><strong><em>η</em></strong></span> 
     </span>
     <span class='ocr_line' id='line_1_79' title="bbox 1130 600 1922 644; baseline 0.003 -12"><span class='ocrx_word' id='word_1_621' title='bbox 1130 607 1154 632; x_wconf 88' lang='grc' dir='ltr'><strong><em>τί</em></strong></span> <span class='ocrx_word' id='word_1_622' title='bbox 1170 617 1215 641; x_wconf 88' lang='grc' dir='ltr'><strong><em>μοι</em></strong></span> <span class='ocrx_word' id='word_1_623' title='bbox 1233 603 1419 642; x_wconf 65' lang='grc' dir='ltr'><strong><em>συμβουλεύεις,</em></strong></span> <span class='ocrx_word' id='word_1_624' title='bbox 1438 600 1459 632; x_wconf 78' lang='grc' dir='ltr'><strong><em>ῶ</em></strong></span> <span class='ocrx_word' id='word_1_625' title='bbox 1475 607 1539 641; x_wconf 77' lang='grc' dir='ltr'><strong><em>φίλε,</em></strong></span> <span class='ocrx_word' id='word_1_626' title='bbox 1558 606 1649 641; x_wconf 72' lang='grc' dir='ltr'><strong><em>φάναις</em></strong></span> <span class='ocrx_word' id='word_1_627' title='bbox 1679 612 1723 634; x_wconf 89' lang='grc' dir='ltr'><strong><em>ΙΠ.</em></strong></span> <span class='ocrx_word' id='word_1_628' title='bbox 1743 605 1816 634; x_wconf 75' lang='grc' dir='ltr'><strong><em>Τοῦτ’</em></strong></span> <span class='ocrx_word' id='word_1_629' title='bbox 1835 607 1922 644; x_wconf 75' lang='grc' dir='ltr'><strong><em>ἔγωγε</em></strong></span> 
     </span>
     <span class='ocr_line' id='line_1_80' title="bbox 1130 646 1924 685; baseline 0.001 -11"><span class='ocrx_word' id='word_1_630' title='bbox 1130 648 1174 674; x_wconf 80' lang='grc' dir='ltr'><strong><em>καὶ</em></strong></span> <span class='ocrx_word' id='word_1_631' title='bbox 1196 646 1226 681; x_wconf 80' lang='grc' dir='ltr'><strong><em>δὴ</em></strong></span> <span class='ocrx_word' id='word_1_632' title='bbox 1247 646 1314 684; x_wconf 83' lang='grc' dir='ltr'><strong><em>πρός</em></strong></span> <span class='ocrx_word' id='word_1_633' title='bbox 1334 659 1363 684; x_wconf 85' lang='grc' dir='ltr'><strong><em>γε</em></strong></span> <span class='ocrx_word' id='word_1_634' title='bbox 1385 646 1468 678; x_wconf 82' lang='grc' dir='ltr'><strong><em>θεούς</em></strong></span> <span class='ocrx_word' id='word_1_635' title='bbox 1490 647 1531 675; x_wconf 78' lang='grc' dir='ltr'><strong><em>ὅτι</em></strong></span> <span class='ocrx_word' id='word_1_636' title='bbox 1552 660 1583 676; x_wconf 91' lang='grc' dir='ltr'><strong><em>ου</em></strong></span> <span class='ocrx_word' id='word_1_637' title='bbox 1605 648 1684 676; x_wconf 82' lang='grc' dir='ltr'><strong><em>καλὸν</em></strong></span> <span class='ocrx_word' id='word_1_638' title='bbox 1707 648 1736 676; x_wconf 84' lang='grc' dir='ltr'><strong><em>τὸ</em></strong></span> <span class='ocrx_word' id='word_1_639' title='bbox 1756 647 1924 685; x_wconf 80' lang='grc' dir='ltr'><strong><em>ἆνθρωπειον</em></strong></span> 
     </span>
     <span class='ocr_line' id='line_1_81' title="bbox 1130 687 1924 739; baseline 0.003 -23"><span class='ocrx_word' id='word_1_640' title='bbox 1130 691 1215 726; x_wconf 81' lang='grc' dir='ltr'><strong><em>γένος,</em></strong></span> <span class='ocrx_word' id='word_1_641' title='bbox 1238 687 1326 723; x_wconf 68' lang='grc' dir='ltr'><strong><em>ἀληθῆ</em></strong></span> <span class='ocrx_word' id='word_1_642' title='bbox 1345 692 1402 726; x_wconf 81' lang='grc' dir='ltr'><strong><em>ἐρεῖ.</em></strong></span> <span class='ocrx_word' id='word_1_643' title='bbox 1445 694 1500 716; x_wconf 90' lang='grc' dir='ltr'><strong><em>ΣΩ.</em></strong></span> <span class='ocrx_word' id='word_1_644' title='bbox 1524 690 1555 717; x_wconf 79' lang='grc' dir='ltr'><em>Εἰ</em></span> <span class='ocrx_word' id='word_1_645' title='bbox 1573 691 1600 717; x_wconf 78' lang='grc' dir='ltr'><strong><em>δέ</em></strong></span> <span class='ocrx_word' id='word_1_646' title='bbox 1617 701 1647 718; x_wconf 87' lang='grc' dir='ltr'><strong><em>σε</em></strong></span> <span class='ocrx_word' id='word_1_647' title='bbox 1663 689 1772 727; x_wconf 78' lang='grc' dir='ltr'><strong><em>η’ρομην,</em></strong></span> <span class='ocrx_word' id='word_1_648' title='bbox 1790 689 1878 739; x_wconf 64' lang='grc' dir='ltr'><strong><em>φήσει,</em></strong></span> <span class='ocrx_word' id='word_1_649' title='bbox 1897 692 1924 721; x_wconf 77' lang='grc' dir='ltr'><strong><em>ἐξ</em></strong></span> 
     </span>
     <span class='ocr_line' id='line_1_82' title="bbox 1132 729 1924 779; baseline 0.003 -21"><span class='ocrx_word' id='word_1_650' title='bbox 1132 729 1221 779; x_wconf 83' lang='grc' dir='ltr'><strong><em>αρχῆς,</em></strong></span> <span class='ocrx_word' id='word_1_651' title='bbox 1245 733 1269 758; x_wconf 87' lang='grc' dir='ltr'><strong><em>τί</em></strong></span> <span class='ocrx_word' id='word_1_652' title='bbox 1290 734 1343 759; x_wconf 82' lang='grc' dir='ltr'><strong><em>ἐστι</em></strong></span> <span class='ocrx_word' id='word_1_653' title='bbox 1365 730 1444 758; x_wconf 83' lang='grc' dir='ltr'><strong><em>καλόν</em></strong></span> <span class='ocrx_word' id='word_1_654' title='bbox 1468 737 1472 751; x_wconf 91' lang='lat'><strong>¹</strong></span> <span class='ocrx_word' id='word_1_655' title='bbox 1494 743 1520 759; x_wconf 88' lang='grc' dir='ltr'><strong><em>τε</em></strong></span> <span class='ocrx_word' id='word_1_656' title='bbox 1542 732 1585 759; x_wconf 80' lang='grc' dir='ltr'><strong><em>καὶ</em></strong></span> <span class='ocrx_word' id='word_1_657' title='bbox 1608 731 1727 769; x_wconf 81' lang='grc' dir='ltr'><strong><em>αισχρόν,</em></strong></span> <span class='ocrx_word' id='word_1_658' title='bbox 1754 735 1781 760; x_wconf 84' lang='grc' dir='ltr'><strong><em>εἶ’</em></strong></span> <span class='ocrx_word' id='word_1_659' title='bbox 1795 744 1841 768; x_wconf 90' lang='grc' dir='ltr'><strong><em>μοι</em></strong></span> <span class='ocrx_word' id='word_1_660' title='bbox 1859 731 1924 768; x_wconf 83' lang='grc' dir='ltr'><strong><em>α’περ</em></strong></span> 
     </span>
     <span class='ocr_line' id='line_1_83' title="bbox 1131 771 1925 815; baseline 0 -14"><span class='ocrx_word' id='word_1_661' title='bbox 1131 774 1175 801; x_wconf 76' lang='grc' dir='ltr'><strong><em>νῦν</em></strong></span> <span class='ocrx_word' id='word_1_662' title='bbox 1196 771 1334 810; x_wconf 76' lang='grc' dir='ltr'><strong><em>ἀπεκρίνω,</em></strong></span> <span class='ocrx_word' id='word_1_663' title='bbox 1358 771 1396 810; x_wconf 82' lang='grc' dir='ltr'><strong><em>ᾰρ</em></strong></span> <span class='ocrx_word' id='word_1_664' title='bbox 1417 771 1464 801; x_wconf 69' lang='grc' dir='ltr'><strong><em>οὐκ</em></strong></span> <span class='ocrx_word' id='word_1_665' title='bbox 1486 786 1518 801; x_wconf 91' lang='grc' dir='ltr'><strong><em>αν</em></strong></span> <span class='ocrx_word' id='word_1_666' title='bbox 1539 772 1630 811; x_wconf 80' lang='grc' dir='ltr'><strong><em>ὀρθῶς</em></strong></span> <span class='ocrx_word' id='word_1_667' title='bbox 1652 772 1817 815; x_wconf 76' lang='grc' dir='ltr'><strong><em>ἀπεκέκρισος</em></strong></span> <span class='ocrx_word' id='word_1_668' title='bbox 1845 775 1881 802; x_wconf 79' lang='grc' dir='ltr'><strong><em>ἔτι</em></strong></span> <span class='ocrx_word' id='word_1_669' title='bbox 1898 775 1925 801; x_wconf 81' lang='grc' dir='ltr'><strong><em>δὲ</em></strong></span> 
     </span>
     <span class='ocr_line' id='line_1_84' title="bbox 1133 813 1923 852; baseline 0 -9"><span class='ocrx_word' id='word_1_670' title='bbox 1133 828 1176 843; x_wconf 87' lang='grc' dir='ltr'><strong><em>και</em></strong></span> <span class='ocrx_word' id='word_1_671' title='bbox 1194 816 1263 844; x_wconf 87' lang='grc' dir='ltr'><strong><em>δοκεῖ</em></strong></span> <span class='ocrx_word' id='word_1_672' title='bbox 1278 827 1322 843; x_wconf 91' lang='grc' dir='ltr'><strong><em>σοι</em></strong></span> <span class='ocrx_word' id='word_1_673' title='bbox 1340 813 1403 843; x_wconf 80' lang='grc' dir='ltr'><strong><em>αυτό</em></strong></span> <span class='ocrx_word' id='word_1_674' title='bbox 1422 815 1452 843; x_wconf 85' lang='grc' dir='ltr'><strong><em>τὸ</em></strong></span> <span class='ocrx_word' id='word_1_675' title='bbox 1470 814 1561 848; x_wconf 81' lang='grc' dir='ltr'><strong><em>καλόν,</em></strong></span> <span class='ocrx_word' id='word_1_676' title='bbox 1580 817 1600 852; x_wconf 79' lang='grc' dir='ltr'><em>ῲ</em></span> <span class='ocrx_word' id='word_1_677' title='bbox 1618 828 1660 843; x_wconf 83' lang='grc' dir='ltr'><strong><em>και</em></strong></span> <span class='ocrx_word' id='word_1_678' title='bbox 1678 816 1757 844; x_wconf 72' lang='grc' dir='ltr'><strong><em>τᾶλλα</em></strong></span> <span class='ocrx_word' id='word_1_679' title='bbox 1774 828 1860 844; x_wconf 86' lang='grc' dir='ltr'><strong><em>παντα</em></strong></span> <span class='ocrx_word' id='word_1_680' title='bbox 1877 827 1923 844; x_wconf 79' lang='grc' dir='ltr'><strong><em>κο-</em></strong></span> 
     </span>
     <span class='ocr_line' id='line_1_85' title="bbox 1134 856 1925 905; baseline -0.001 -19"><span class='ocrx_word' id='word_1_681' title='bbox 1134 860 1235 905; x_wconf 79' lang='grc' dir='ltr'><strong><em>σμεῖται</em></strong></span> <span class='ocrx_word' id='word_1_682' title='bbox 1253 858 1296 885; x_wconf 78' lang='grc' dir='ltr'><strong><em>καὶ</em></strong></span> <span class='ocrx_word' id='word_1_683' title='bbox 1313 856 1379 884; x_wconf 83' lang='grc' dir='ltr'><strong><em>καλὰ</em></strong></span> <span class='ocrx_word' id='word_1_684' title='bbox 1397 859 1523 893; x_wconf 84' lang='grc' dir='ltr'><strong><em>φαίνεται,</em></strong></span> <span class='ocrx_word' id='word_1_685' title='bbox 1542 857 1644 886; x_wconf 82' lang='grc' dir='ltr'><strong><em>ἐπειδὰν</em></strong></span> <span class='ocrx_word' id='word_1_686' title='bbox 1661 860 1829 896; x_wconf 82' lang='grc' dir='ltr'><strong><em>προςγένηται</em></strong></span> <span class='ocrx_word' id='word_1_687' title='bbox 1846 861 1925 886; x_wconf 79' lang='grc' dir='ltr'><strong><em>ἐκεῖνο</em></strong></span> 
     </span>
     <span class='ocr_line' id='line_1_86' title="bbox 1133 897 1838 948; baseline 0 -21"><span class='ocrx_word' id='word_1_688' title='bbox 1133 899 1163 928; x_wconf 79' lang='grc' dir='ltr'><strong><em>τὸ</em></strong></span> <span class='ocrx_word' id='word_1_689' title='bbox 1182 898 1261 932; x_wconf 78' lang='grc' dir='ltr'><strong><em>εἶδος,</em></strong></span> <span class='ocrx_word' id='word_1_690' title='bbox 1283 897 1351 927; x_wconf 76' lang='grc' dir='ltr'><strong><em>τουτ’</em></strong></span> <span class='ocrx_word' id='word_1_691' title='bbox 1371 898 1435 927; x_wconf 78' lang='grc' dir='ltr'><strong><em>εἶναι</em></strong></span> <span class='ocrx_word' id='word_1_692' title='bbox 1452 899 1620 936; x_wconf 74' lang='grc' dir='ltr'><strong><em>παρθένος”</em></strong></span> <span class='ocrx_word' id='word_1_693' title='bbox 1605 913 1620 934; x_wconf 90' lang='grc' dir='ltr'><strong><em>η</em></strong></span> <span class='ocrx_word' id='word_1_694' title='bbox 1637 901 1718 948; x_wconf 75' lang='grc' dir='ltr'><strong><em>ἵππος</em></strong></span> <span class='ocrx_word' id='word_1_695' title='bbox 1734 899 1749 935; x_wconf 86' lang='grc' dir='ltr'><em>ἢ</em></span> <span class='ocrx_word' id='word_1_696' title='bbox 1766 899 1838 937; x_wconf 84' lang='grc' dir='ltr'><strong><em>λύρα.</em></strong></span> 
     </span>
     <span class='ocr_line' id='line_1_87' title="bbox 1133 940 1927 980; baseline 0 -10"><span class='ocrx_word' id='word_1_697' title='bbox 1133 942 1207 970; x_wconf 81' lang='grc' dir='ltr'><strong><em>Λλλα</em></strong></span> <span class='ocrx_word' id='word_1_698' title='bbox 1224 944 1322 979; x_wconf 84' lang='grc' dir='ltr'><strong><em>μέντοι,</em></strong></span> <span class='ocrx_word' id='word_1_699' title='bbox 1341 942 1361 969; x_wconf 73' lang='grc' dir='ltr'><em>ὦ</em></span> <span class='ocrx_word' id='word_1_700' title='bbox 1378 940 1526 979; x_wconf 85' lang='grc' dir='ltr'><strong><em>Σωκρατες,</em></strong></span> <span class='ocrx_word' id='word_1_701' title='bbox 1544 942 1567 970; x_wconf 76' lang='grc' dir='ltr'><strong><em>εἰ</em></strong></span> <span class='ocrx_word' id='word_1_702' title='bbox 1584 941 1663 970; x_wconf 74' lang='grc' dir='ltr'><strong><em>τοῦτο’</em></strong></span> <span class='ocrx_word' id='word_1_703' title='bbox 1679 954 1709 980; x_wconf 83' lang='grc' dir='ltr'><strong><em>γε</em></strong></span> <span class='ocrx_word' id='word_1_704' title='bbox 1727 944 1805 977; x_wconf 78' lang='grc' dir='ltr'><strong><em>ζητεῖ,</em></strong></span> <span class='ocrx_word' id='word_1_705' title='bbox 1823 953 1927 970; x_wconf 85' lang='grc' dir='ltr'><strong><em>παντων</em></strong></span> 
     </span>
     <span class='ocr_line' id='line_1_88' title="bbox 1134 982 1928 1025; baseline -0.001 -13"><span class='ocrx_word' id='word_1_706' title='bbox 1134 985 1232 1025; x_wconf 73' lang='grc' dir='ltr'><strong><em>ῥᾷστον</em></strong></span> <span class='ocrx_word' id='word_1_707' title='bbox 1251 982 1451 1021; x_wconf 74' lang='grc' dir='ltr'><strong><em>ἀποκρίνασθαι</em></strong></span> <span class='ocrx_word' id='word_1_708' title='bbox 1469 996 1549 1021; x_wconf 81' lang='grc' dir='ltr'><strong><em>αυτῳ,</em></strong></span> <span class='ocrx_word' id='word_1_709' title='bbox 1571 986 1597 1012; x_wconf 90' lang='grc' dir='ltr'><strong><em>τί</em></strong></span> <span class='ocrx_word' id='word_1_710' title='bbox 1614 988 1668 1013; x_wconf 85' lang='grc' dir='ltr'><strong><em>ἐστι</em></strong></span> <span class='ocrx_word' id='word_1_711' title='bbox 1685 984 1714 1012; x_wconf 85' lang='grc' dir='ltr'><strong><em>τὸ</em></strong></span> <span class='ocrx_word' id='word_1_712' title='bbox 1733 984 1823 1017; x_wconf 83' lang='grc' dir='ltr'><strong><em>καλόν,</em></strong></span> <span class='ocrx_word' id='word_1_713' title='bbox 1848 985 1867 1021; x_wconf 80' lang='grc' dir='ltr'>ᾠ</span> <span class='ocrx_word' id='word_1_714' title='bbox 1884 984 1928 1011; x_wconf 82' lang='grc' dir='ltr'><strong><em>καὶ</em></strong></span> 
     </span>
     <span class='ocr_line' id='line_1_89' title="bbox 1134 1024 1929 1065; baseline 0.001 -12"><span class='ocrx_word' id='word_1_715' title='bbox 1134 1027 1214 1054; x_wconf 85' lang='grc' dir='ltr'><strong><em>ταλλα</em></strong></span> <span class='ocrx_word' id='word_1_716' title='bbox 1231 1025 1317 1054; x_wconf 76' lang='grc' dir='ltr'><strong><em>ια’ντα</em></strong></span> <span class='ocrx_word' id='word_1_717' title='bbox 1335 1029 1469 1063; x_wconf 83' lang='grc' dir='ltr'><strong><em>κοσμεῖται</em></strong></span> <span class='ocrx_word' id='word_1_718' title='bbox 1487 1027 1530 1054; x_wconf 82' lang='grc' dir='ltr'><strong><em>καὶ</em></strong></span> <span class='ocrx_word' id='word_1_719' title='bbox 1547 1029 1751 1065; x_wconf 75' lang='grc' dir='ltr'><strong><em>προςγενομένου</em></strong></span> <span class='ocrx_word' id='word_1_720' title='bbox 1769 1024 1849 1055; x_wconf 79' lang='grc' dir='ltr'><strong><em>αὐτοῦ</em></strong></span> <span class='ocrx_word' id='word_1_721' title='bbox 1863 1024 1929 1054; x_wconf 72' lang='grc' dir='ltr'><strong><em>καλά</em></strong></span> 
     </span>
     <span class='ocr_line' id='line_1_90' title="bbox 1134 1064 1928 1106; baseline -0.001 -10"><span class='ocrx_word' id='word_1_722' title='bbox 1134 1070 1258 1105; x_wconf 83' lang='grc' dir='ltr'><strong><em>φαίνεται.</em></strong></span> <span class='ocrx_word' id='word_1_723' title='bbox 1285 1067 1463 1104; x_wconf 80' lang='grc' dir='ltr'><strong><em>εὐηθέστατος</em></strong></span> <span class='ocrx_word' id='word_1_724' title='bbox 1486 1064 1533 1097; x_wconf 69' lang='grc' dir='ltr'><strong><em>οὖν</em></strong></span> <span class='ocrx_word' id='word_1_725' title='bbox 1556 1075 1559 1089; x_wconf 96' lang='lat'><strong>¹</strong></span> <span class='ocrx_word' id='word_1_726' title='bbox 1584 1073 1652 1097; x_wconf 78' lang='grc' dir='ltr'><strong><em>ἐστιν</em></strong></span> <span class='ocrx_word' id='word_1_727' title='bbox 1678 1067 1693 1097; x_wconf 76' lang='grc' dir='ltr'>ὁ</span> <span class='ocrx_word' id='word_1_728' title='bbox 1720 1067 1865 1106; x_wconf 85' lang='grc' dir='ltr'><strong><em>ανθρωπος</em></strong></span> <span class='ocrx_word' id='word_1_729' title='bbox 1885 1068 1928 1096; x_wconf 82' lang='grc' dir='ltr'><strong><em>καὶ</em></strong></span> 
     </span>
     <span class='ocr_line' id='line_1_91' title="bbox 1136 1109 1929 1160; baseline 0 -22"><span class='ocrx_word' id='word_1_730' title='bbox 1136 1110 1209 1160; x_wconf 67' lang='grc' dir='ltr'><strong><em>οὐδὲν</em></strong></span> <span class='ocrx_word' id='word_1_731' title='bbox 1236 1112 1317 1138; x_wconf 68' lang='grc' dir='ltr'><strong><em>ἐπαΐει</em></strong></span> <span class='ocrx_word' id='word_1_732' title='bbox 1343 1112 1401 1148; x_wconf 74' lang='grc' dir='ltr'><strong><em>περὶ</em></strong></span> <span class='ocrx_word' id='word_1_733' title='bbox 1427 1112 1511 1139; x_wconf 85' lang='grc' dir='ltr'><strong><em>καλῶν</em></strong></span> <span class='ocrx_word' id='word_1_734' title='bbox 1535 1123 1677 1148; x_wconf 86' lang='grc' dir='ltr'><strong><em>κτηματων.</em></strong></span> <span class='ocrx_word' id='word_1_735' title='bbox 1710 1110 1754 1139; x_wconf 79' lang='grc' dir='ltr'><strong><em>ἐὰν</em></strong></span> <span class='ocrx_word' id='word_1_736' title='bbox 1782 1110 1832 1149; x_wconf 82' lang='grc' dir='ltr'><strong><em>γὰρ</em></strong></span> <span class='ocrx_word' id='word_1_737' title='bbox 1859 1109 1929 1147; x_wconf 75' lang='grc' dir='ltr'><strong><em>αὐτῶ</em></strong></span> 
     </span>
     <span class='ocr_line' id='line_1_92' title="bbox 1136 1150 1927 1191; baseline 0 -11"><span class='ocrx_word' id='word_1_738' title='bbox 1136 1151 1270 1190; x_wconf 83' lang='grc' dir='ltr'><strong><em>αποκρίνῃ,</em></strong></span> <span class='ocrx_word' id='word_1_739' title='bbox 1290 1152 1329 1181; x_wconf 80' lang='grc' dir='ltr'><strong><em>ὅτι</em></strong></span> <span class='ocrx_word' id='word_1_740' title='bbox 1347 1150 1415 1181; x_wconf 73' lang='grc' dir='ltr'><strong><em>τουτ’</em></strong></span> <span class='ocrx_word' id='word_1_741' title='bbox 1436 1154 1504 1181; x_wconf 73' lang='grc' dir='ltr'><strong><em>ἐστὶν</em></strong></span> <span class='ocrx_word' id='word_1_742' title='bbox 1522 1152 1538 1181; x_wconf 73' lang='grc' dir='ltr'>ὅ</span> <span class='ocrx_word' id='word_1_743' title='bbox 1556 1153 1636 1191; x_wconf 76' lang='grc' dir='ltr'><strong><em>ἐρωτᾷ</em></strong></span> <span class='ocrx_word' id='word_1_744' title='bbox 1653 1153 1683 1182; x_wconf 89' lang='grc' dir='ltr'><strong><em>τὸ</em></strong></span> <span class='ocrx_word' id='word_1_745' title='bbox 1699 1153 1778 1182; x_wconf 87' lang='grc' dir='ltr'><strong><em>καλὸν</em></strong></span> <span class='ocrx_word' id='word_1_746' title='bbox 1793 1151 1867 1182; x_wconf 82' lang='grc' dir='ltr'><strong><em>ουδὲν</em></strong></span> <span class='ocrx_word' id='word_1_747' title='bbox 1882 1151 1927 1180; x_wconf 73' lang='grc' dir='ltr'><strong><em>ἆλ-</em></strong></span> 
     </span>
     <span class='ocr_line' id='line_1_93' title="bbox 1136 1194 1927 1233; baseline 0 -11"><span class='ocrx_word' id='word_1_748' title='bbox 1136 1198 1165 1224; x_wconf 90' lang='grc' dir='ltr'><strong><em>λο</em></strong></span> <span class='ocrx_word' id='word_1_749' title='bbox 1187 1194 1203 1230; x_wconf 82' lang='grc' dir='ltr'><em>ἢ</em></span> <span class='ocrx_word' id='word_1_750' title='bbox 1222 1194 1332 1232; x_wconf 85' lang='grc' dir='ltr'><strong><em>χρυσός,</em></strong></span> <span class='ocrx_word' id='word_1_751' title='bbox 1360 1194 1487 1233; x_wconf 82' lang='grc' dir='ltr'><strong><em>απορήσει</em></strong></span> <span class='ocrx_word' id='word_1_752' title='bbox 1508 1208 1552 1223; x_wconf 83' lang='grc' dir='ltr'><strong><em>και</em></strong></span> <span class='ocrx_word' id='word_1_753' title='bbox 1574 1194 1620 1224; x_wconf 76' lang='grc' dir='ltr'><strong><em>οὐκ</em></strong></span> <span class='ocrx_word' id='word_1_754' title='bbox 1642 1194 1794 1232; x_wconf 77' lang='grc' dir='ltr'><strong><em>ἐπιχειρήσει</em></strong></span> <span class='ocrx_word' id='word_1_755' title='bbox 1811 1207 1841 1223; x_wconf 84' lang='grc' dir='ltr'><strong><em>σε</em></strong></span> <span class='ocrx_word' id='word_1_756' title='bbox 1859 1197 1927 1233; x_wconf 78' lang='grc' dir='ltr'><strong><em>ἐλέγ-</em></strong></span> 
     </span>
     <span class='ocr_line' id='line_1_94' title="bbox 1133 1236 1928 1275; baseline -0.001 -9"><span class='ocrx_word' id='word_1_757' title='bbox 1133 1249 1195 1273; x_wconf 81' lang='grc' dir='ltr'><strong><em>χειν.</em></strong></span> <span class='ocrx_word' id='word_1_758' title='bbox 1214 1240 1287 1270; x_wconf 87' lang='grc' dir='ltr'><strong><em>ι’σμεν</em></strong></span> <span class='ocrx_word' id='word_1_759' title='bbox 1304 1236 1354 1275; x_wconf 80' lang='grc' dir='ltr'><strong><em>γάρ</em></strong></span> <span class='ocrx_word' id='word_1_760' title='bbox 1372 1249 1425 1265; x_wconf 87' lang='grc' dir='ltr'><strong><em>που</em></strong></span> <span class='ocrx_word' id='word_1_761' title='bbox 1442 1237 1544 1270; x_wconf 79' lang='grc' dir='ltr'><strong><em>πάντες,</em></strong></span> <span class='ocrx_word' id='word_1_762' title='bbox 1563 1237 1603 1266; x_wconf 82' lang='grc' dir='ltr'><strong><em>ὅτι</em></strong></span> <span class='ocrx_word' id='word_1_763' title='bbox 1622 1238 1690 1266; x_wconf 76' lang='grc' dir='ltr'><strong><em>ὅπου</em></strong></span> <span class='ocrx_word' id='word_1_764' title='bbox 1706 1236 1738 1265; x_wconf 78' lang='grc' dir='ltr'><strong><em>ἂν</em></strong></span> <span class='ocrx_word' id='word_1_765' title='bbox 1751 1237 1829 1266; x_wconf 75' lang='grc' dir='ltr'><strong><em>τοῦτο</em></strong></span> <span class='ocrx_word' id='word_1_766' title='bbox 1847 1248 1928 1274; x_wconf 87' lang='grc' dir='ltr'><strong><em>προς-</em></strong></span> 
     </span>
     <span class='ocr_line' id='line_1_95' title="bbox 1135 1278 1929 1318; baseline -0.001 -10"><span class='ocrx_word' id='word_1_767' title='bbox 1135 1282 1250 1318; x_wconf 79' lang='grc' dir='ltr'><strong><em>γένηται,</em></strong></span> <span class='ocrx_word' id='word_1_768' title='bbox 1273 1278 1320 1307; x_wconf 73' lang='grc' dir='ltr'><strong><em>κᾶν</em></strong></span> <span class='ocrx_word' id='word_1_769' title='bbox 1341 1278 1470 1317; x_wconf 85' lang='grc' dir='ltr'><strong><em>πρότερον</em></strong></span> <span class='ocrx_word' id='word_1_770' title='bbox 1491 1279 1601 1317; x_wconf 80' lang='grc' dir='ltr'><strong><em>αἰσχρὸν</em></strong></span> <span class='ocrx_word' id='word_1_771' title='bbox 1621 1281 1755 1316; x_wconf 81' lang='grc' dir='ltr'><strong><em>φαίνηται,</em></strong></span> <span class='ocrx_word' id='word_1_772' title='bbox 1781 1279 1860 1308; x_wconf 81' lang='grc' dir='ltr'><strong><em>καλὸν</em></strong></span> <span class='ocrx_word' id='word_1_773' title='bbox 1876 1291 1929 1315; x_wconf 88' lang='grc' dir='ltr'><strong><em>φα-</em></strong></span> 
     </span>
     <span class='ocr_line' id='line_1_96' title="bbox 1136 1319 1929 1372; baseline -0.001 -22"><span class='ocrx_word' id='word_1_774' title='bbox 1136 1325 1217 1350; x_wconf 80' lang='grc' dir='ltr'><strong><em>νεῖται</em></strong></span> <span class='ocrx_word' id='word_1_775' title='bbox 1231 1322 1320 1372; x_wconf 71' lang='grc' dir='ltr'><strong><em>χρυσῷ</em></strong></span> <span class='ocrx_word' id='word_1_776' title='bbox 1337 1334 1366 1360; x_wconf 87' lang='grc' dir='ltr'><strong><em>γε</em></strong></span> <span class='ocrx_word' id='word_1_777' title='bbox 1384 1325 1527 1359; x_wconf 79' lang='grc' dir='ltr'><strong><em>κοσμηθέν.</em></strong></span> <span class='ocrx_word' id='word_1_778' title='bbox 1571 1327 1626 1350; x_wconf 91' lang='grc' dir='ltr'><strong><em>ΣΩ.</em></strong></span> <span class='ocrx_word' id='word_1_779' title='bbox 1644 1321 1764 1359; x_wconf 83' lang='grc' dir='ltr'><strong><em>Λπειρος</em></strong></span> <span class='ocrx_word' id='word_1_780' title='bbox 1780 1320 1805 1350; x_wconf 76' lang='grc' dir='ltr'><strong><em>εἶ</em></strong></span> <span class='ocrx_word' id='word_1_781' title='bbox 1819 1322 1867 1350; x_wconf 77' lang='grc' dir='ltr'><strong><em>τοῦ</em></strong></span> <span class='ocrx_word' id='word_1_782' title='bbox 1885 1319 1929 1349; x_wconf 80' lang='grc' dir='ltr'><strong><em>ἆν-</em></strong></span> 
     </span>
     <span class='ocr_line' id='line_1_97' title="bbox 1137 1362 1932 1402; baseline 0 -10"><span class='ocrx_word' id='word_1_783' title='bbox 1137 1363 1256 1401; x_wconf 82' lang='grc' dir='ltr'><strong><em>δρός,ω</em></strong></span> <span class='ocrx_word' id='word_1_784' title='bbox 1279 1362 1380 1395; x_wconf 67' lang='grc' dir='ltr'><strong><em>ιΙππία,</em></strong></span> <span class='ocrx_word' id='word_1_785' title='bbox 1406 1362 1441 1395; x_wconf 83' lang='grc' dir='ltr'><strong><em>ὡς</em></strong></span> <span class='ocrx_word' id='word_1_786' title='bbox 1467 1363 1582 1399; x_wconf 81' lang='grc' dir='ltr'><strong><em>σχέτλιός</em></strong></span> <span class='ocrx_word' id='word_1_787' title='bbox 1605 1367 1660 1392; x_wconf 83' lang='grc' dir='ltr'><strong><em>ἐστι</em></strong></span> <span class='ocrx_word' id='word_1_788' title='bbox 1680 1365 1723 1392; x_wconf 80' lang='grc' dir='ltr'><strong><em>καὶ</em></strong></span> <span class='ocrx_word' id='word_1_789' title='bbox 1745 1362 1820 1392; x_wconf 76' lang='grc' dir='ltr'><strong><em>οὐδὲν</em></strong></span> <span class='ocrx_word' id='word_1_790' title='bbox 1840 1364 1932 1402; x_wconf 82' lang='grc' dir='ltr'><strong><em>ρᾳδίως</em></strong></span> 
     </span>
     <span class='ocr_line' id='line_1_98' title="bbox 1137 1401 1931 1455; baseline -0.001 -21"><span class='ocrx_word' id='word_1_791' title='bbox 1137 1404 1336 1455; x_wconf 68' lang='grc' dir='ltr'><strong><em>ἀποδεχόμενος</em></strong></span> <span class='ocrx_word' id='word_1_792' title='bbox 1379 1412 1423 1434; x_wconf 87' lang='lat' dir='ltr'><strong><em>ln</em></strong></span> <span class='ocrx_word' id='word_1_793' title='bbox 1453 1408 1484 1434; x_wconf 93' lang='grc' dir='ltr'><strong><em>Τί</em></strong></span> <span class='ocrx_word' id='word_1_794' title='bbox 1505 1419 1551 1435; x_wconf 90' lang='grc' dir='ltr'><strong><em>ουν</em></strong></span> <span class='ocrx_word' id='word_1_795' title='bbox 1572 1406 1671 1455; x_wconf 50' lang='lat' dir='ltr'><strong><em>¹⁰5¹?ss</em></strong></span> <span class='ocrx_word' id='word_1_796' title='bbox 1690 1401 1712 1434; x_wconf 79' lang='grc' dir='ltr'><strong><em>ῶ</em></strong></span> <span class='ocrx_word' id='word_1_797' title='bbox 1731 1405 1879 1443; x_wconf 76' lang='grc' dir='ltr'><strong><em>Σῶκρατεςς</em></strong></span> <span class='ocrx_word' id='word_1_798' title='bbox 1901 1404 1931 1434; x_wconf 77' lang='grc' dir='ltr'><strong><em>τὸ</em></strong></span> 
     </span>
     <span class='ocr_line' id='line_1_99' title="bbox 1136 1446 1932 1487; baseline 0.001 -12"><span class='ocrx_word' id='word_1_799' title='bbox 1136 1448 1188 1487; x_wconf 81' lang='grc' dir='ltr'><strong><em>γὰρ</em></strong></span> <span class='ocrx_word' id='word_1_800' title='bbox 1212 1446 1303 1486; x_wconf 86' lang='grc' dir='ltr'><strong><em>ορθῶς</em></strong></span> <span class='ocrx_word' id='word_1_801' title='bbox 1324 1448 1463 1487; x_wconf 80' lang='grc' dir='ltr'><strong><em>λεγόμενον</em></strong></span> <span class='ocrx_word' id='word_1_802' title='bbox 1484 1447 1581 1487; x_wconf 66' lang='grc' dir='ltr'><strong><em>ἀνάγκη</em></strong></span> <span class='ocrx_word' id='word_1_803' title='bbox 1603 1447 1672 1486; x_wconf 77' lang='grc' dir='ltr'><strong><em>αυτῷ</em></strong></span> <span class='ocrx_word' id='word_1_804' title='bbox 1700 1447 1892 1484; x_wconf 75' lang='grc' dir='ltr'><strong><em>ἀποδέχεσθαι,</em></strong></span> <span class='ocrx_word' id='word_1_805' title='bbox 1919 1452 1932 1465; x_wconf 70' lang='grc'>*</span> 
     </span>
     <span class='ocr_line' id='line_1_100' title="bbox 1137 1489 1933 1532; baseline 0 -14"><span class='ocrx_word' id='word_1_806' title='bbox 1137 1490 1152 1526; x_wconf 84' lang='grc' dir='ltr'><em>ἢ</em></span> <span class='ocrx_word' id='word_1_807' title='bbox 1169 1490 1204 1528; x_wconf 84' lang='grc' dir='ltr'><strong><em>μὴ</em></strong></span> <span class='ocrx_word' id='word_1_808' title='bbox 1223 1489 1404 1528; x_wconf 74' lang='grc' dir='ltr'><strong><em>ἀποδεχομένῳ</em></strong></span> <span class='ocrx_word' id='word_1_809' title='bbox 1422 1490 1605 1532; x_wconf 78' lang='grc' dir='ltr'><strong><em>καταγελαστῳ</em></strong></span> <span class='ocrx_word' id='word_1_810' title='bbox 1622 1489 1694 1519; x_wconf 71' lang='grc' dir='ltr'><strong><em>εἶναι.</em></strong></span> <span class='ocrx_word' id='word_1_811' title='bbox 1738 1496 1794 1518; x_wconf 88' lang='grc' dir='ltr'>ΣΩ.</span> <span class='ocrx_word' id='word_1_812' title='bbox 1815 1491 1871 1518; x_wconf 86' lang='grc' dir='ltr'><strong><em>Και</em></strong></span> <span class='ocrx_word' id='word_1_813' title='bbox 1886 1492 1933 1528; x_wconf 82' lang='grc' dir='ltr'><strong><em>μὲν</em></strong></span> 
     </span>
     <span class='ocr_line' id='line_1_101' title="bbox 1139 1531 1933 1571; baseline 0.001 -11"><span class='ocrx_word' id='word_1_814' title='bbox 1139 1533 1168 1568; x_wconf 83' lang='grc' dir='ltr'><strong><em>δὴ</em></strong></span> <span class='ocrx_word' id='word_1_815' title='bbox 1183 1532 1278 1568; x_wconf 76' lang='grc' dir='ltr'><strong><em>ταύτην</em></strong></span> <span class='ocrx_word' id='word_1_816' title='bbox 1294 1545 1324 1571; x_wconf 85' lang='grc' dir='ltr'><strong><em>γε</em></strong></span> <span class='ocrx_word' id='word_1_817' title='bbox 1342 1533 1387 1569; x_wconf 79' lang='grc' dir='ltr'><strong><em>τὴν</em></strong></span> <span class='ocrx_word' id='word_1_818' title='bbox 1405 1532 1550 1571; x_wconf 77' lang='grc' dir='ltr'><strong><em>ἀπόκρισιν,</em></strong></span> <span class='ocrx_word' id='word_1_819' title='bbox 1569 1545 1589 1561; x_wconf 92' lang='grc' dir='ltr'><strong><em>ω</em></strong></span> <span class='ocrx_word' id='word_1_820' title='bbox 1607 1533 1708 1571; x_wconf 72' lang='grc' dir='ltr'><strong><em>ἄριστε,</em></strong></span> <span class='ocrx_word' id='word_1_821' title='bbox 1737 1531 1767 1561; x_wconf 80' lang='grc' dir='ltr'><strong><em>αὖ</em></strong></span> <span class='ocrx_word' id='word_1_822' title='bbox 1787 1531 1870 1570; x_wconf 82' lang='grc' dir='ltr'><strong><em>μόνον</em></strong></span> <span class='ocrx_word' id='word_1_823' title='bbox 1887 1545 1933 1561; x_wconf 81' lang='grc' dir='ltr'><strong><em>ουκ</em></strong></span> 
     </span>
     <span class='ocr_line' id='line_1_102' title="bbox 1140 1574 1931 1613; baseline -0.001 -10"><span class='ocrx_word' id='word_1_824' title='bbox 1140 1574 1305 1608; x_wconf 76' lang='grc' dir='ltr'><strong><em>ἀποδέξεται,</em></strong></span> <span class='ocrx_word' id='word_1_825' title='bbox 1333 1574 1398 1604; x_wconf 71' lang='grc' dir='ltr'><strong><em>ἀλλὰ</em></strong></span> <span class='ocrx_word' id='word_1_826' title='bbox 1419 1575 1489 1604; x_wconf 74' lang='grc' dir='ltr'><strong><em>πάνυ</em></strong></span> <span class='ocrx_word' id='word_1_827' title='bbox 1508 1587 1540 1612; x_wconf 81' lang='grc' dir='ltr'><strong><em>με</em></strong></span> <span class='ocrx_word' id='word_1_828' title='bbox 1557 1588 1601 1604; x_wconf 87' lang='grc' dir='ltr'><strong><em>και</em></strong></span> <span class='ocrx_word' id='word_1_829' title='bbox 1618 1574 1784 1608; x_wconf 81' lang='grc' dir='ltr'><strong><em>τωθασεται,</em></strong></span> <span class='ocrx_word' id='word_1_830' title='bbox 1811 1587 1855 1603; x_wconf 84' lang='grc' dir='ltr'><strong><em>και</em></strong></span> <span class='ocrx_word' id='word_1_831' title='bbox 1872 1578 1931 1613; x_wconf 82' lang='grc' dir='ltr'><strong><em>ἐρεῖ·</em></strong></span> 
     </span>
    </p>

    <p class='ocr_par' dir='ltr' id='par_1_16' title="bbox 1138 1615 1936 1952">
     <span class='ocr_line' id='line_1_103' title="bbox 1138 1615 1931 1656; baseline 0 -11"><span class='ocrx_word' id='word_1_832' title='bbox 1138 1619 1168 1645; x_wconf 75' lang='grc' dir='ltr'><em>Ὠ</em></span> <span class='ocrx_word' id='word_1_833' title='bbox 1189 1620 1346 1656; x_wconf 81' lang='grc' dir='ltr'><strong><em>τετυφωμένε</em></strong></span> <span class='ocrx_word' id='word_1_834' title='bbox 1368 1617 1413 1651; x_wconf 80' lang='grc' dir='ltr'><strong><em>σύ,</em></strong></span> <span class='ocrx_word' id='word_1_835' title='bbox 1443 1619 1547 1646; x_wconf 83' lang='grc' dir='ltr'><strong><em>Φειδίαν</em></strong></span> <span class='ocrx_word' id='word_1_836' title='bbox 1564 1621 1612 1646; x_wconf 86' lang='grc' dir='ltr'><strong><em>οιει</em></strong></span> <span class='ocrx_word' id='word_1_837' title='bbox 1632 1617 1713 1646; x_wconf 80' lang='grc' dir='ltr'><strong><em>κακὸν</em></strong></span> <span class='ocrx_word' id='word_1_838' title='bbox 1729 1615 1794 1646; x_wconf 74' lang='grc' dir='ltr'><strong><em>εἶναι</em></strong></span> <span class='ocrx_word' id='word_1_839' title='bbox 1811 1618 1931 1655; x_wconf 74' lang='grc' dir='ltr'><strong><em>δημιοτρ-</em></strong></span> 
     </span>
     <span class='ocr_line' id='line_1_104' title="bbox 1138 1658 1933 1711; baseline -0.001 -23"><span class='ocrx_word' id='word_1_840' title='bbox 1138 1659 1198 1699; x_wconf 74' lang='grc' dir='ltr'><strong><em>γόνς</em></strong></span> <span class='ocrx_word' id='word_1_841' title='bbox 1233 1661 1289 1688; x_wconf 84' lang='grc' dir='ltr'><strong><em>Και</em></strong></span> <span class='ocrx_word' id='word_1_842' title='bbox 1308 1659 1364 1699; x_wconf 82' lang='grc' dir='ltr'><strong><em>ἐγω,</em></strong></span> <span class='ocrx_word' id='word_1_843' title='bbox 1384 1659 1472 1711; x_wconf 69' lang='grc' dir='ltr'><strong><em>οἶμαι,ἶ</em></strong></span> <span class='ocrx_word' id='word_1_844' title='bbox 1483 1660 1538 1698; x_wconf 84' lang='grc' dir='ltr'><strong><em>ἐρῶ,</em></strong></span> <span class='ocrx_word' id='word_1_845' title='bbox 1558 1660 1598 1689; x_wconf 80' lang='grc' dir='ltr'><strong><em>ὅτι</em></strong></span> <span class='ocrx_word' id='word_1_846' title='bbox 1618 1658 1680 1689; x_wconf 89' lang='grc' dir='ltr'><strong><em>Ουδ</em></strong></span> <span class='ocrx_word' id='word_1_847' title='bbox 1701 1659 1933 1691; x_wconf 56' lang='lat' dir='ltr'><strong><em>{naeueth-11⁸1.</em></strong></span> 
     </span>
     <span class='ocr_line' id='line_1_105' title="bbox 1138 1700 1932 1741; baseline -0.001 -10"><span class='ocrx_word' id='word_1_848' title='bbox 1138 1703 1194 1731; x_wconf 90' lang='grc' dir='ltr'><strong><em>Και</em></strong></span> <span class='ocrx_word' id='word_1_849' title='bbox 1212 1700 1303 1740; x_wconf 80' lang='grc' dir='ltr'><strong><em>ὀρθῶς</em></strong></span> <span class='ocrx_word' id='word_1_850' title='bbox 1319 1716 1336 1741; x_wconf 87' lang='grc' dir='ltr'><strong><em>γ</em></strong></span> <span class='ocrx_word' id='word_1_851' title='bbox 1363 1706 1433 1740; x_wconf 81' lang='grc' dir='ltr'><strong><em>ἐρεῖς,</em></strong></span> <span class='ocrx_word' id='word_1_852' title='bbox 1452 1704 1472 1731; x_wconf 78' lang='grc' dir='ltr'><em>ὦ</em></span> <span class='ocrx_word' id='word_1_853' title='bbox 1489 1702 1633 1740; x_wconf 84' lang='grc' dir='ltr'><strong><em>Σωκρατες.</em></strong></span> <span class='ocrx_word' id='word_1_854' title='bbox 1676 1707 1732 1730; x_wconf 91' lang='grc' dir='ltr'><strong><em>ΣΩ.</em></strong></span> <span class='ocrx_word' id='word_1_855' title='bbox 1754 1700 1857 1740; x_wconf 84' lang='grc' dir='ltr'><strong><em>Ὀρθῶς</em></strong></span> <span class='ocrx_word' id='word_1_856' title='bbox 1872 1704 1932 1739; x_wconf 77' lang='grc' dir='ltr'><strong><em>μέν·</em></strong></span> 
     </span>
     <span class='ocr_line' id='line_1_106' title="bbox 1139 1742 1934 1783; baseline -0.001 -10"><span class='ocrx_word' id='word_1_857' title='bbox 1139 1757 1187 1773; x_wconf 81' lang='grc' dir='ltr'><strong><em>τοι.</em></strong></span> <span class='ocrx_word' id='word_1_858' title='bbox 1210 1757 1344 1783; x_wconf 85' lang='grc' dir='ltr'><strong><em>τοιγαρτοι</em></strong></span> <span class='ocrx_word' id='word_1_859' title='bbox 1366 1749 1471 1777; x_wconf 77' lang='grc' dir='ltr'><strong><em>ἐκεῖνος,</em></strong></span> <span class='ocrx_word' id='word_1_860' title='bbox 1499 1745 1601 1773; x_wconf 81' lang='grc' dir='ltr'><strong><em>ἐπειδὰν</em></strong></span> <span class='ocrx_word' id='word_1_861' title='bbox 1619 1744 1668 1783; x_wconf 81' lang='grc' dir='ltr'><strong><em>ἐγὼ</em></strong></span> <span class='ocrx_word' id='word_1_862' title='bbox 1687 1743 1807 1782; x_wconf 75' lang='grc' dir='ltr'><strong><em>ὁμολογῶ</em></strong></span> <span class='ocrx_word' id='word_1_863' title='bbox 1825 1742 1934 1782; x_wconf 86' lang='grc' dir='ltr'><strong><em>αγαθὸν</em></strong></span> 
     </span>
     <span class='ocr_line' id='line_1_107' title="bbox 1139 1785 1933 1826; baseline 0 -12"><span class='ocrx_word' id='word_1_864' title='bbox 1139 1785 1204 1815; x_wconf 77' lang='grc' dir='ltr'><strong><em>εἶναι</em></strong></span> <span class='ocrx_word' id='word_1_865' title='bbox 1222 1787 1377 1826; x_wconf 84' lang='grc' dir='ltr'><strong><em>δημιουργὸν</em></strong></span> <span class='ocrx_word' id='word_1_866' title='bbox 1395 1787 1440 1815; x_wconf 83' lang='grc' dir='ltr'><strong><em>τὸν</em></strong></span> <span class='ocrx_word' id='word_1_867' title='bbox 1461 1788 1571 1819; x_wconf 85' lang='grc' dir='ltr'><strong><em>Φειδίαν,</em></strong></span> <span class='ocrx_word' id='word_1_868' title='bbox 1590 1785 1662 1819; x_wconf 68' lang='grc' dir='ltr'><strong><em>Εἶτα,</em></strong></span> <span class='ocrx_word' id='word_1_869' title='bbox 1680 1786 1766 1823; x_wconf 78' lang='grc' dir='ltr'><strong><em>φήσει,</em></strong></span> <span class='ocrx_word' id='word_1_870' title='bbox 1782 1789 1837 1819; x_wconf 70' lang='grc' dir='ltr'><strong><em>οἶὲι,</em></strong></span> <span class='ocrx_word' id='word_1_871' title='bbox 1855 1786 1933 1814; x_wconf 75' lang='grc' dir='ltr'><strong><em>τοῦτο</em></strong></span> 
     </span>
     <span class='ocr_line' id='line_1_108' title="bbox 1140 1827 1936 1868; baseline -0.004 -10"><span class='ocrx_word' id='word_1_872' title='bbox 1140 1829 1169 1858; x_wconf 87' lang='grc' dir='ltr'><strong><em>τὸ</em></strong></span> <span class='ocrx_word' id='word_1_873' title='bbox 1188 1829 1275 1862; x_wconf 84' lang='grc' dir='ltr'><strong><em>καλόν,</em></strong></span> <span class='ocrx_word' id='word_1_874' title='bbox 1291 1829 1307 1858; x_wconf 79' lang='grc' dir='ltr'>ὅ</span> <span class='ocrx_word' id='word_1_875' title='bbox 1326 1829 1358 1858; x_wconf 84' lang='grc' dir='ltr'><strong><em>σὺ</em></strong></span> <span class='ocrx_word' id='word_1_876' title='bbox 1376 1832 1462 1868; x_wconf 80' lang='grc' dir='ltr'><strong><em>λέγεις,</em></strong></span> <span class='ocrx_word' id='word_1_877' title='bbox 1483 1836 1486 1850; x_wconf 97' lang='lat'><strong>¹</strong></span> <span class='ocrx_word' id='word_1_878' title='bbox 1505 1828 1591 1868; x_wconf 77' lang='grc' dir='ltr'><strong><em>ἠγνόει</em></strong></span> <span class='ocrx_word' id='word_1_879' title='bbox 1612 1829 1726 1862; x_wconf 78' lang='grc' dir='ltr'><strong><em>Φειδίαςς</em></strong></span> <span class='ocrx_word' id='word_1_880' title='bbox 1750 1829 1806 1857; x_wconf 79' lang='grc' dir='ltr'><strong><em>Καὶ</em></strong></span> <span class='ocrx_word' id='word_1_881' title='bbox 1823 1827 1884 1867; x_wconf 78' lang='grc' dir='ltr'><strong><em>ἐγώ,</em></strong></span> <span class='ocrx_word' id='word_1_882' title='bbox 1904 1830 1936 1856; x_wconf 80' lang='grc' dir='ltr'><strong><em>Τι’</em></strong></span> 
     </span>
     <span class='ocr_line' id='line_1_109' title="bbox 1138 1869 1932 1909; baseline -0.001 -10"><span class='ocrx_word' id='word_1_883' title='bbox 1138 1871 1265 1909; x_wconf 77' lang='grc' dir='ltr'><strong><em>μάλιστας</em></strong></span> <span class='ocrx_word' id='word_1_884' title='bbox 1284 1871 1367 1908; x_wconf 79' lang='grc' dir='ltr'><strong><em>φήσω.</em></strong></span> <span class='ocrx_word' id='word_1_885' title='bbox 1398 1872 1460 1904; x_wconf 82' lang='grc' dir='ltr'><strong><em>Ὅτι,</em></strong></span> <span class='ocrx_word' id='word_1_886' title='bbox 1479 1875 1537 1909; x_wconf 79' lang='grc' dir='ltr'><strong><em>ἐρεῖ,</em></strong></span> <span class='ocrx_word' id='word_1_887' title='bbox 1556 1872 1599 1907; x_wconf 77' lang='grc' dir='ltr'><strong><em>τῆς</em></strong></span> <span class='ocrx_word' id='word_1_888' title='bbox 1616 1872 1731 1906; x_wconf 67' lang='grc' dir='ltr'><strong><em>Ἀθηνᾶς</em></strong></span> <span class='ocrx_word' id='word_1_889' title='bbox 1747 1870 1808 1902; x_wconf 70' lang='grc' dir='ltr'><strong><em>τούς</em></strong></span> <span class='ocrx_word' id='word_1_890' title='bbox 1825 1869 1932 1907; x_wconf 72' lang='grc' dir='ltr'><strong><em>ὀφθαλ-</em></strong></span> 
     </span>
     <span class='ocr_line' id='line_1_110' title="bbox 1139 1911 1935 1952; baseline -0.003 -10"><span class='ocrx_word' id='word_1_891' title='bbox 1139 1914 1204 1951; x_wconf 72' lang='grc' dir='ltr'><strong><em>μοὺς</em></strong></span> <span class='ocrx_word' id='word_1_892' title='bbox 1226 1912 1257 1942; x_wconf 79' lang='grc' dir='ltr'><strong><em>οὗ</em></strong></span> <span class='ocrx_word' id='word_1_893' title='bbox 1277 1915 1392 1952; x_wconf 79' lang='grc' dir='ltr'><strong><em>χρυσοῦς</em></strong></span> <span class='ocrx_word' id='word_1_894' title='bbox 1418 1916 1550 1949; x_wconf 71' lang='grc' dir='ltr'><strong><em>ἐποίησεν,</em></strong></span> <span class='ocrx_word' id='word_1_895' title='bbox 1577 1912 1636 1942; x_wconf 74' lang='grc' dir='ltr'><strong><em>οὐδὲ</em></strong></span> <span class='ocrx_word' id='word_1_896' title='bbox 1658 1913 1688 1942; x_wconf 84' lang='grc' dir='ltr'><strong><em>τὸ</em></strong></span> <span class='ocrx_word' id='word_1_897' title='bbox 1712 1912 1773 1941; x_wconf 61' lang='grc' dir='ltr'><strong><em>ἄλλο</em></strong></span> <span class='ocrx_word' id='word_1_898' title='bbox 1796 1911 1935 1950; x_wconf 81' lang='grc' dir='ltr'><strong><em>πρόςωπον</em></strong></span> 
     </span>
    </p>
   </div>
   <div class='ocr_carea' id='block_1_15' title="bbox 1141 1955 1952 2005">
    <p class='ocr_par' dir='ltr' id='par_1_17' title="bbox 1141 1955 1952 2005">
     <span class='ocr_line' id='line_1_111' title="bbox 1141 1955 1952 2005; baseline -0.001 -21"><span class='ocrx_word' id='word_1_899' title='bbox 1141 1955 1200 1984; x_wconf 71' lang='grc' dir='ltr'><strong><em>οὐδὲ</em></strong></span> <span class='ocrx_word' id='word_1_900' title='bbox 1222 1956 1284 1988; x_wconf 81' lang='grc' dir='ltr'><strong><em>τοὺς</em></strong></span> <span class='ocrx_word' id='word_1_901' title='bbox 1304 1955 1389 1988; x_wconf 88' lang='grc' dir='ltr'><strong><em>πόδας</em></strong></span> <span class='ocrx_word' id='word_1_902' title='bbox 1411 1955 1470 1985; x_wconf 72' lang='grc' dir='ltr'><strong><em>οὐδὲ</em></strong></span> <span class='ocrx_word' id='word_1_903' title='bbox 1491 1956 1538 1988; x_wconf 81' lang='grc' dir='ltr'><strong><em>τὰς</em></strong></span> <span class='ocrx_word' id='word_1_904' title='bbox 1556 1959 1657 1993; x_wconf 79' lang='grc' dir='ltr'><strong><em>χεῖρας,</em></strong></span> <span class='ocrx_word' id='word_1_905' title='bbox 1679 1958 1751 2005; x_wconf 77' lang='grc' dir='ltr'><strong><em>εἴπερ</em></strong></span> <span class='ocrx_word' id='word_1_906' title='bbox 1769 1955 1885 1993; x_wconf 75' lang='grc' dir='ltr'><strong><em>χρυσοῦν</em></strong></span> <span class='ocrx_word' id='word_1_907' title='bbox 1905 1966 1952 1993; x_wconf 84' lang='grc' dir='ltr'><strong><em>γε·</em></strong></span> 
     </span>
    </p>
   </div>
   <div class='ocr_carea' id='block_1_16' title="bbox 1137 1996 1937 2714">
    <p class='ocr_par' dir='ltr' id='par_1_18' title="bbox 1137 1996 1937 2714">
     <span class='ocr_line' id='line_1_112' title="bbox 1141 1996 1934 2035; baseline -0.001 -9"><span class='ocrx_word' id='word_1_908' title='bbox 1141 1998 1169 2033; x_wconf 87' lang='grc' dir='ltr'><strong><em>δη</em></strong></span> <span class='ocrx_word' id='word_1_909' title='bbox 1193 1997 1223 2027; x_wconf 77' lang='grc' dir='ltr'><strong><em>ὂν</em></strong></span> <span class='ocrx_word' id='word_1_910' title='bbox 1243 1998 1381 2028; x_wconf 83' lang='grc' dir='ltr'><strong><em>καλλιστον</em></strong></span> <span class='ocrx_word' id='word_1_911' title='bbox 1404 2000 1486 2035; x_wconf 74' lang='grc' dir='ltr'><strong><em>ἔμελλε</em></strong></span> <span class='ocrx_word' id='word_1_912' title='bbox 1508 2000 1666 2035; x_wconf 83' lang='grc' dir='ltr'><strong><em>φαίνεσθαι,</em></strong></span> <span class='ocrx_word' id='word_1_913' title='bbox 1694 1996 1745 2025; x_wconf 79' lang='grc' dir='ltr'><strong><em>ἇλλ</em></strong></span> <span class='ocrx_word' id='word_1_914' title='bbox 1765 1996 1934 2034; x_wconf 80' lang='grc' dir='ltr'><strong><em>ἐλεφαντινον.</em></strong></span> 
     </span>
     <span class='ocr_line' id='line_1_113' title="bbox 1141 2038 1935 2078; baseline -0.001 -10"><span class='ocrx_word' id='word_1_915' title='bbox 1141 2041 1254 2076; x_wconf 72' lang='grc' dir='ltr'><strong><em>δὴλον,</em></strong></span> <span class='ocrx_word' id='word_1_916' title='bbox 1244 2040 1285 2069; x_wconf 80' lang='grc' dir='ltr'><strong><em>ότι</em></strong></span> <span class='ocrx_word' id='word_1_917' title='bbox 1302 2042 1380 2070; x_wconf 76' lang='grc' dir='ltr'><strong><em>τοῦτο</em></strong></span> <span class='ocrx_word' id='word_1_918' title='bbox 1398 2040 1451 2069; x_wconf 75' lang='grc' dir='ltr'><strong><em>ὑπὸ</em></strong></span> <span class='ocrx_word' id='word_1_919' title='bbox 1469 2040 1589 2078; x_wconf 72' lang='grc' dir='ltr'><strong><em>ἀμαθίας</em></strong></span> <span class='ocrx_word' id='word_1_920' title='bbox 1606 2040 1751 2077; x_wconf 79' lang='grc' dir='ltr'><strong><em>ἐξημαρτεν,</em></strong></span> <span class='ocrx_word' id='word_1_921' title='bbox 1768 2038 1876 2078; x_wconf 74' lang='grc' dir='ltr'><strong><em>ἀγνοῶν,</em></strong></span> <span class='ocrx_word' id='word_1_922' title='bbox 1896 2039 1935 2068; x_wconf 84' lang='grc' dir='ltr'><strong><em>ο’τι</em></strong></span> 
     </span>
     <span class='ocr_line' id='line_1_114' title="bbox 1138 2081 1933 2134; baseline -0.001 -23"><span class='ocrx_word' id='word_1_923' title='bbox 1138 2082 1237 2134; x_wconf 80' lang='grc' dir='ltr'><strong><em>χρυσὸς</em></strong></span> <span class='ocrx_word' id='word_1_924' title='bbox 1254 2081 1293 2120; x_wconf 65' lang='grc' dir='ltr'><strong><em>ἄρ’</em></strong></span> <span class='ocrx_word' id='word_1_925' title='bbox 1315 2084 1384 2112; x_wconf 79' lang='grc' dir='ltr'><strong><em>ἐστὶν</em></strong></span> <span class='ocrx_word' id='word_1_926' title='bbox 1401 2096 1415 2111; x_wconf 95' lang='grc' dir='ltr'><strong><em>ο</em></strong></span> <span class='ocrx_word' id='word_1_927' title='bbox 1433 2082 1519 2111; x_wconf 80' lang='grc' dir='ltr'><strong><em>πάντα</em></strong></span> <span class='ocrx_word' id='word_1_928' title='bbox 1537 2082 1603 2110; x_wconf 79' lang='grc' dir='ltr'><strong><em>καλὰ</em></strong></span> <span class='ocrx_word' id='word_1_929' title='bbox 1618 2082 1708 2115; x_wconf 83' lang='grc' dir='ltr'><strong><em>ποιῶν,</em></strong></span> <span class='ocrx_word' id='word_1_930' title='bbox 1725 2081 1793 2110; x_wconf 82' lang='grc' dir='ltr'><strong><em>ὅπου</em></strong></span> <span class='ocrx_word' id='word_1_931' title='bbox 1807 2094 1840 2110; x_wconf 88' lang='grc' dir='ltr'><strong><em>αν</em></strong></span> <span class='ocrx_word' id='word_1_932' title='bbox 1853 2093 1933 2132; x_wconf 77' lang='grc' dir='ltr'><strong><em>προς·</em></strong></span> 
     </span>
     <span class='ocr_line' id='line_1_115' title="bbox 1140 2122 1934 2164; baseline -0.001 -11"><span class='ocrx_word' id='word_1_933' title='bbox 1140 2128 1249 2164; x_wconf 77' lang='grc' dir='ltr'><strong><em>γένηται</em></strong></span> <span class='ocrx_word' id='word_1_934' title='bbox 1296 2124 1372 2154; x_wconf 75' lang='lat' dir='ltr'><strong><em>Tam&#39;</em></strong></span> <span class='ocrx_word' id='word_1_935' title='bbox 1397 2126 1442 2154; x_wconf 77' lang='grc' dir='ltr'><strong><em>οὖν</em></strong></span> <span class='ocrx_word' id='word_1_936' title='bbox 1463 2128 1563 2163; x_wconf 77' lang='grc' dir='ltr'><strong><em>λέγοντι</em></strong></span> <span class='ocrx_word' id='word_1_937' title='bbox 1579 2127 1605 2153; x_wconf 87' lang='grc' dir='ltr'><strong><em>τί</em></strong></span> <span class='ocrx_word' id='word_1_938' title='bbox 1622 2123 1838 2162; x_wconf 75' lang='grc' dir='ltr'><strong><em>ἇποκρινωμεθα,</em></strong></span> <span class='ocrx_word' id='word_1_939' title='bbox 1861 2136 1881 2152; x_wconf 92' lang='grc' dir='ltr'><strong><em>ω</em></strong></span> <span class='ocrx_word' id='word_1_940' title='bbox 1900 2122 1934 2152; x_wconf 90' lang='lat' dir='ltr'><strong><em>I—</em></strong></span> 
     </span>
     <span class='ocr_line' id='line_1_116' title="bbox 1244 2164 1937 2205; baseline -0.001 -10"><span class='ocrx_word' id='word_1_941' title='bbox 1244 2173 1288 2203; x_wconf 86' lang='grc' dir='ltr'><strong><em>ΙΠ.</em></strong></span> <span class='ocrx_word' id='word_1_942' title='bbox 1313 2166 1392 2196; x_wconf 86' lang='grc' dir='ltr'><strong><em>Ουδὲν</em></strong></span> <span class='ocrx_word' id='word_1_943' title='bbox 1408 2167 1532 2202; x_wconf 80' lang='grc' dir='ltr'><strong><em>χαλεπόν·</em></strong></span> <span class='ocrx_word' id='word_1_944' title='bbox 1557 2168 1664 2205; x_wconf 79' lang='grc' dir='ltr'><strong><em>ἐροῦμεν</em></strong></span> <span class='ocrx_word' id='word_1_945' title='bbox 1682 2173 1686 2187; x_wconf 92' lang='lat'><strong>¹</strong></span> <span class='ocrx_word' id='word_1_946' title='bbox 1704 2179 1768 2205; x_wconf 82' lang='grc' dir='ltr'><strong><em>γαρ,</em></strong></span> <span class='ocrx_word' id='word_1_947' title='bbox 1787 2165 1827 2195; x_wconf 89' lang='grc' dir='ltr'><strong><em>ο’τι</em></strong></span> <span class='ocrx_word' id='word_1_948' title='bbox 1845 2164 1937 2204; x_wconf 85' lang='grc' dir='ltr'><strong><em>ὀρθῶς</em></strong></span> 
     </span>
     <span class='ocr_line' id='line_1_117' title="bbox 1142 2207 1935 2262; baseline -0.003 -24"><span class='ocrx_word' id='word_1_949' title='bbox 1142 2212 1254 2245; x_wconf 80' lang='grc' dir='ltr'><strong><em>ἐποίησε.</em></strong></span> <span class='ocrx_word' id='word_1_950' title='bbox 1282 2223 1325 2238; x_wconf 90' lang='grc' dir='ltr'><strong><em>και</em></strong></span> <span class='ocrx_word' id='word_1_951' title='bbox 1326 2210 1397 2262; x_wconf 77' lang='grc' dir='ltr'><strong><em>γὰρ</em></strong></span> <span class='ocrx_word' id='word_1_952' title='bbox 1418 2210 1449 2238; x_wconf 86' lang='grc' dir='ltr'><strong><em>τὸ</em></strong></span> <span class='ocrx_word' id='word_1_953' title='bbox 1472 2209 1646 2246; x_wconf 82' lang='grc' dir='ltr'><strong><em>ἐλεφαντινον,</em></strong></span> <span class='ocrx_word' id='word_1_954' title='bbox 1670 2207 1754 2246; x_wconf 76' lang='grc' dir='ltr'><strong><em>οἶμαι,</em></strong></span> <span class='ocrx_word' id='word_1_955' title='bbox 1776 2207 1856 2237; x_wconf 81' lang='grc' dir='ltr'><strong><em>καλόν</em></strong></span> <span class='ocrx_word' id='word_1_956' title='bbox 1873 2212 1935 2237; x_wconf 79' lang='grc' dir='ltr'><strong><em>ἐστι.</em></strong></span> 
     </span>
     <span class='ocr_line' id='line_1_118' title="bbox 1141 2250 1937 2288; baseline -0.001 -8"><span class='ocrx_word' id='word_1_957' title='bbox 1141 2257 1197 2280; x_wconf 92' lang='grc' dir='ltr'><strong><em>ΣΩ.</em></strong></span> <span class='ocrx_word' id='word_1_958' title='bbox 1225 2252 1280 2281; x_wconf 80' lang='grc' dir='ltr'>Τοῦ</span> <span class='ocrx_word' id='word_1_959' title='bbox 1306 2252 1352 2280; x_wconf 79' lang='grc' dir='ltr'><strong><em>οὐν</em></strong></span> <span class='ocrx_word' id='word_1_960' title='bbox 1378 2253 1461 2285; x_wconf 75' lang='grc' dir='ltr'><strong><em>ἕνεκα,</em></strong></span> <span class='ocrx_word' id='word_1_961' title='bbox 1492 2251 1580 2288; x_wconf 81' lang='grc' dir='ltr'><strong><em>φήσει,</em></strong></span> <span class='ocrx_word' id='word_1_962' title='bbox 1609 2264 1640 2280; x_wconf 88' lang='grc' dir='ltr'><strong><em>ου</em></strong></span> <span class='ocrx_word' id='word_1_963' title='bbox 1666 2252 1710 2279; x_wconf 81' lang='grc' dir='ltr'><strong><em>καὶ</em></strong></span> <span class='ocrx_word' id='word_1_964' title='bbox 1735 2250 1768 2279; x_wconf 79' lang='grc' dir='ltr'><strong><em>τὰ</em></strong></span> <span class='ocrx_word' id='word_1_965' title='bbox 1792 2253 1861 2288; x_wconf 77' lang='grc' dir='ltr'><strong><em>μέσα</em></strong></span> <span class='ocrx_word' id='word_1_966' title='bbox 1886 2250 1937 2279; x_wconf 77' lang='grc' dir='ltr'><strong><em>τῶν</em></strong></span> 
     </span>
     <span class='ocr_line' id='line_1_119' title="bbox 1142 2291 1937 2346; baseline -0.003 -23"><span class='ocrx_word' id='word_1_967' title='bbox 1142 2292 1292 2346; x_wconf 79' lang='grc' dir='ltr'><strong><em>ὀφθαλμῶν</em></strong></span> <span class='ocrx_word' id='word_1_968' title='bbox 1318 2293 1467 2331; x_wconf 78' lang='grc' dir='ltr'><strong><em>ἐλεφαντινα</em></strong></span> <span class='ocrx_word' id='word_1_969' title='bbox 1494 2293 1664 2343; x_wconf 47' lang='lat' dir='ltr'><strong><em>deficare,-</em></strong></span> <span class='ocrx_word' id='word_1_970' title='bbox 1680 2292 1745 2321; x_wconf 72' lang='grc' dir='ltr'><strong><em>ἄλλα</em></strong></span> <span class='ocrx_word' id='word_1_971' title='bbox 1769 2295 1872 2326; x_wconf 74' lang='grc' dir='ltr'><strong><em>λίθινα,</em></strong></span> <span class='ocrx_word' id='word_1_972' title='bbox 1903 2291 1937 2324; x_wconf 82' lang='grc' dir='ltr'><strong><em>ὦς</em></strong></span> 
     </span>
     <span class='ocr_line' id='line_1_120' title="bbox 1142 2334 1936 2386; baseline -0.001 -22"><span class='ocrx_word' id='word_1_973' title='bbox 1142 2336 1199 2365; x_wconf 80' lang='grc' dir='ltr'><strong><em>οἶόν</em></strong></span> <span class='ocrx_word' id='word_1_974' title='bbox 1220 2336 1240 2364; x_wconf 89' lang='grc' dir='ltr'><strong><em>τ’</em></strong></span> <span class='ocrx_word' id='word_1_975' title='bbox 1260 2337 1290 2371; x_wconf 84' lang='grc' dir='ltr'><strong><em>ἠν</em></strong></span> <span class='ocrx_word' id='word_1_976' title='bbox 1310 2335 1450 2373; x_wconf 77' lang='grc' dir='ltr'><strong><em>ὁμοιότητα</em></strong></span> <span class='ocrx_word' id='word_1_977' title='bbox 1468 2336 1515 2365; x_wconf 68' lang='lat' dir='ltr'><strong><em>rofi</em></strong></span> <span class='ocrx_word' id='word_1_978' title='bbox 1533 2339 1613 2365; x_wconf 86' lang='grc' dir='ltr'><strong><em>λίθου</em></strong></span> <span class='ocrx_word' id='word_1_979' title='bbox 1630 2337 1666 2374; x_wconf 77' lang='grc' dir='ltr'><strong><em>τῷ</em></strong></span> <span class='ocrx_word' id='word_1_980' title='bbox 1683 2338 1800 2372; x_wconf 79' lang='grc' dir='ltr'><strong><em>ἐλέφαντι</em></strong></span> <span class='ocrx_word' id='word_1_981' title='bbox 1816 2334 1936 2386; x_wconf 73' lang='grc' dir='ltr'><strong><em>ἐξευρωνς</em></strong></span> 
     </span>
     <span class='ocr_line' id='line_1_121' title="bbox 1141 2376 1934 2419; baseline -0.003 -12"><span class='ocrx_word' id='word_1_982' title='bbox 1141 2378 1156 2414; x_wconf 83' lang='grc' dir='ltr'><em>ἢ</em></span> <span class='ocrx_word' id='word_1_983' title='bbox 1173 2379 1218 2407; x_wconf 78' lang='grc' dir='ltr'><strong><em>καὶ</em></strong></span> <span class='ocrx_word' id='word_1_984' title='bbox 1236 2377 1250 2408; x_wconf 85' lang='grc' dir='ltr'><strong><em>ο</em></strong></span> <span class='ocrx_word' id='word_1_985' title='bbox 1269 2381 1348 2410; x_wconf 82' lang='grc' dir='ltr'><strong><em>λίθος</em></strong></span> <span class='ocrx_word' id='word_1_986' title='bbox 1366 2392 1380 2408; x_wconf 93' lang='grc' dir='ltr'><strong><em>ο</em></strong></span> <span class='ocrx_word' id='word_1_987' title='bbox 1399 2379 1477 2410; x_wconf 83' lang='grc' dir='ltr'><strong><em>καλὸς</em></strong></span> <span class='ocrx_word' id='word_1_988' title='bbox 1490 2378 1570 2407; x_wconf 84' lang='grc' dir='ltr'><strong><em>καλόν</em></strong></span> <span class='ocrx_word' id='word_1_989' title='bbox 1588 2383 1654 2412; x_wconf 76' lang='grc' dir='ltr'><strong><em>ἐστι,-</em></strong></span> <span class='ocrx_word' id='word_1_990' title='bbox 1686 2377 1829 2419; x_wconf 76' lang='grc' dir='ltr'><strong><em>Φήσομεν,</em></strong></span> <span class='ocrx_word' id='word_1_991' title='bbox 1845 2389 1865 2406; x_wconf 92' lang='grc' dir='ltr'><strong><em>ω</em></strong></span> <span class='ocrx_word' id='word_1_992' title='bbox 1880 2376 1934 2405; x_wconf 55' lang='grc' dir='ltr'><strong><em>(Ιπ-</em></strong></span> 
     </span>
     <span class='ocr_line' id='line_1_122' title="bbox 1244 2421 1935 2459; baseline -0.004 -9"><span class='ocrx_word' id='word_1_993' title='bbox 1244 2427 1287 2450; x_wconf 88' lang='grc' dir='ltr'><strong><em>ΙΠ</em></strong></span> <span class='ocrx_word' id='word_1_994' title='bbox 1310 2421 1431 2458; x_wconf 80' lang='grc' dir='ltr'><strong><em>Φησομεν</em></strong></span> <span class='ocrx_word' id='word_1_995' title='bbox 1446 2424 1546 2459; x_wconf 69' lang='grc' dir='ltr'><strong><em>μὲιτοι,</em></strong></span> <span class='ocrx_word' id='word_1_996' title='bbox 1564 2422 1628 2450; x_wconf 80' lang='grc' dir='ltr'><strong><em>ὅταν</em></strong></span> <span class='ocrx_word' id='word_1_997' title='bbox 1644 2433 1674 2459; x_wconf 83' lang='grc' dir='ltr'><strong><em>γε</em></strong></span> <span class='ocrx_word' id='word_1_998' title='bbox 1691 2423 1796 2458; x_wconf 78' lang='grc' dir='ltr'><strong><em>πρέπων</em></strong></span> <span class='ocrx_word' id='word_1_999' title='bbox 1812 2421 1836 2457; x_wconf 83' lang='grc' dir='ltr'><strong><em>ᾐ-</em></strong></span> <span class='ocrx_word' id='word_1_1000' title='bbox 1880 2425 1935 2448; x_wconf 87' lang='grc' dir='ltr'>ΣΩ.</span> 
     </span>
     <span class='ocr_line' id='line_1_123' title="bbox 1137 2461 1936 2501; baseline -0.004 -9"><span class='ocrx_word' id='word_1_1001' title='bbox 1137 2462 1215 2492; x_wconf 82' lang='grc' dir='ltr'><strong><em>Ὅταν</em></strong></span> <span class='ocrx_word' id='word_1_1002' title='bbox 1232 2464 1259 2491; x_wconf 84' lang='grc' dir='ltr'><strong><em>δὲ</em></strong></span> <span class='ocrx_word' id='word_1_1003' title='bbox 1275 2463 1310 2501; x_wconf 79' lang='grc' dir='ltr'><strong><em>μὴ</em></strong></span> <span class='ocrx_word' id='word_1_1004' title='bbox 1330 2467 1446 2501; x_wconf 76' lang='grc' dir='ltr'><strong><em>πρέπων,</em></strong></span> <span class='ocrx_word' id='word_1_1005' title='bbox 1465 2463 1588 2501; x_wconf 79' lang='grc' dir='ltr'><strong><em>αἶσχρόνς</em></strong></span> <span class='ocrx_word' id='word_1_1006' title='bbox 1607 2462 1751 2500; x_wconf 77' lang='grc' dir='ltr'><strong><em>Ομολογῶ,</em></strong></span> <span class='ocrx_word' id='word_1_1007' title='bbox 1769 2461 1785 2498; x_wconf 83' lang='grc' dir='ltr'><em>ἢ</em></span> <span class='ocrx_word' id='word_1_1008' title='bbox 1801 2461 1849 2499; x_wconf 70' lang='grc' dir='ltr'><strong><em>μής</em></strong></span> <span class='ocrx_word' id='word_1_1009' title='bbox 1891 2467 1936 2489; x_wconf 83' lang='lat'><strong><em>111</em></strong></span> 
     </span>
     <span class='ocr_line' id='line_1_124' title="bbox 1138 2503 1934 2547; baseline -0.004 -12.973"><span class='ocrx_word' id='word_1_1010' title='bbox 1138 2504 1279 2544; x_wconf 57' lang='grc' dir='ltr'><strong><em>(Ομολόγει,</em></strong></span> <span class='ocrx_word' id='word_1_1011' title='bbox 1299 2505 1364 2534; x_wconf 82' lang='grc' dir='ltr'><strong><em>ὅταν</em></strong></span> <span class='ocrx_word' id='word_1_1012' title='bbox 1380 2518 1410 2544; x_wconf 89' lang='grc' dir='ltr'><strong><em>γε</em></strong></span> <span class='ocrx_word' id='word_1_1013' title='bbox 1426 2506 1461 2543; x_wconf 83' lang='grc' dir='ltr'><strong><em>μὴ</em></strong></span> <span class='ocrx_word' id='word_1_1014' title='bbox 1478 2509 1579 2547; x_wconf 67' lang='grc' dir='ltr'><strong><em>πρὲπῃς</em></strong></span> <span class='ocrx_word' id='word_1_1015' title='bbox 1622 2511 1678 2534; x_wconf 89' lang='grc' dir='ltr'><strong><em>ΣΩ</em></strong></span> <span class='ocrx_word' id='word_1_1016' title='bbox 1698 2507 1730 2532; x_wconf 87' lang='grc' dir='ltr'><strong><em>Τί</em></strong></span> <span class='ocrx_word' id='word_1_1017' title='bbox 1743 2506 1769 2532; x_wconf 80' lang='grc' dir='ltr'><strong><em>δὲ</em></strong></span> <span class='ocrx_word' id='word_1_1018' title='bbox 1788 2503 1830 2539; x_wconf 74' lang='grc' dir='ltr'><strong><em>δής</em></strong></span> <span class='ocrx_word' id='word_1_1019' title='bbox 1849 2516 1863 2532; x_wconf 91' lang='grc' dir='ltr'><strong><em>ο</em></strong></span> <span class='ocrx_word' id='word_1_1020' title='bbox 1883 2506 1934 2532; x_wconf 81' lang='grc' dir='ltr'><strong><em>ἐλέ-</em></strong></span> 
     </span>
     <span class='ocr_line' id='line_1_125' title="bbox 1141 2544 1936 2597; baseline -0.003 -21"><span class='ocrx_word' id='word_1_1021' title='bbox 1141 2559 1194 2585; x_wconf 85' lang='grc' dir='ltr'><strong><em>φας</em></strong></span> <span class='ocrx_word' id='word_1_1022' title='bbox 1210 2560 1254 2576; x_wconf 84' lang='grc' dir='ltr'><strong><em>και</em></strong></span> <span class='ocrx_word' id='word_1_1023' title='bbox 1273 2554 1276 2568; x_wconf 94' lang='grc' dir='ltr'>Ι</span> <span class='ocrx_word' id='word_1_1024' title='bbox 1296 2548 1310 2576; x_wconf 81' lang='grc' dir='ltr'><em>ὸ</em></span> <span class='ocrx_word' id='word_1_1025' title='bbox 1327 2548 1472 2586; x_wconf 81' lang='grc' dir='ltr'><strong><em>χρυσός,φ</em></strong></span> <span class='ocrx_word' id='word_1_1026' title='bbox 1452 2548 1538 2585; x_wconf 83' lang='grc' dir='ltr'><strong><em>φήσει,</em></strong></span> <span class='ocrx_word' id='word_1_1027' title='bbox 1556 2560 1576 2576; x_wconf 94' lang='grc' dir='ltr'><strong><em>ω</em></strong></span> <span class='ocrx_word' id='word_1_1028' title='bbox 1581 2544 1661 2597; x_wconf 49' lang='grc' dir='ltr'><strong><em>’σοφὲ</em></strong></span> <span class='ocrx_word' id='word_1_1029' title='bbox 1680 2546 1725 2579; x_wconf 76' lang='grc' dir='ltr'><strong><em>σύ,</em></strong></span> <span class='ocrx_word' id='word_1_1030' title='bbox 1744 2545 1792 2582; x_wconf 76' lang='grc' dir='ltr'><strong><em>οὐχ</em></strong></span> <span class='ocrx_word' id='word_1_1031' title='bbox 1809 2545 1874 2575; x_wconf 83' lang='grc' dir='ltr'><strong><em>ὅταν</em></strong></span> <span class='ocrx_word' id='word_1_1032' title='bbox 1888 2549 1936 2584; x_wconf 84' lang='grc' dir='ltr'><strong><em>μὲν</em></strong></span> 
     </span>
     <span class='ocr_line' id='line_1_126' title="bbox 1137 2587 1936 2640; baseline -0.004 -21.989"><span class='ocrx_word' id='word_1_1033' title='bbox 1137 2592 1238 2640; x_wconf 76' lang='grc' dir='ltr'><strong><em>πρὲπη,</em></strong></span> <span class='ocrx_word' id='word_1_1034' title='bbox 1261 2590 1328 2618; x_wconf 82' lang='grc' dir='ltr'><strong><em>καλοι</em></strong></span> <span class='ocrx_word' id='word_1_1035' title='bbox 1350 2595 1422 2619; x_wconf 80' lang='grc' dir='ltr'><strong><em>ποιεῖ</em></strong></span> <span class='ocrx_word' id='word_1_1036' title='bbox 1441 2593 1600 2628; x_wconf 49' lang='grc' dir='ltr'><strong><em>φαριιεσθα,</em></strong></span> <span class='ocrx_word' id='word_1_1037' title='bbox 1623 2589 1686 2618; x_wconf 69' lang='grc' dir='ltr'><strong><em>ὅταν</em></strong></span> <span class='ocrx_word' id='word_1_1038' title='bbox 1708 2590 1735 2617; x_wconf 71' lang='grc' dir='ltr'><strong><em>δὲ</em></strong></span> <span class='ocrx_word' id='word_1_1039' title='bbox 1756 2588 1802 2626; x_wconf 82' lang='grc' dir='ltr'><strong><em>μή,</em></strong></span> <span class='ocrx_word' id='word_1_1040' title='bbox 1825 2587 1936 2626; x_wconf 82' lang='grc' dir='ltr'><strong><em>αἰσχρα;</em></strong></span> 
     </span>
     <span class='ocr_line' id='line_1_127' title="bbox 1137 2629 1937 2671; baseline -0.001 -10.992"><span class='ocrx_word' id='word_1_1041' title='bbox 1137 2631 1255 2670; x_wconf 78' lang='grc' dir='ltr'><strong><em>Ἔξαρνο·</em></strong></span> <span class='ocrx_word' id='word_1_1042' title='bbox 1274 2632 1404 2669; x_wconf 82' lang='grc' dir='ltr'><strong><em>ἐσόμεθα,</em></strong></span> <span class='ocrx_word' id='word_1_1043' title='bbox 1422 2632 1438 2669; x_wconf 83' lang='grc' dir='ltr'><em>ἢ</em></span> <span class='ocrx_word' id='word_1_1044' title='bbox 1456 2631 1653 2671; x_wconf 81' lang='grc' dir='ltr'><strong><em>ὁμολογήσομεν</em></strong></span> <span class='ocrx_word' id='word_1_1045' title='bbox 1668 2630 1737 2669; x_wconf 79' lang='grc' dir='ltr'><strong><em>αὐτῷ</em></strong></span> <span class='ocrx_word' id='word_1_1046' title='bbox 1751 2629 1843 2669; x_wconf 82' lang='grc' dir='ltr'><strong><em>ορθῶς</em></strong></span> <span class='ocrx_word' id='word_1_1047' title='bbox 1856 2633 1937 2669; x_wconf 76' lang='grc' dir='ltr'><strong><em>λέγειν</em></strong></span> 
     </span>
     <span class='ocr_line' id='line_1_128' title="bbox 1142 2672 1936 2714; baseline -0.004 -11"><span class='ocrx_word' id='word_1_1048' title='bbox 1142 2672 1233 2709; x_wconf 70' lang='grc' dir='ltr'><strong><em>αὗτόνς</em></strong></span> <span class='ocrx_word' id='word_1_1049' title='bbox 1269 2681 1313 2704; x_wconf 82' lang='lat'>111.</span> <span class='ocrx_word' id='word_1_1050' title='bbox 1327 2673 1537 2714; x_wconf 82' lang='grc' dir='ltr'><strong><em>Ομολογήσομεν</em></strong></span> <span class='ocrx_word' id='word_1_1051' title='bbox 1554 2673 1632 2704; x_wconf 74' lang='grc' dir='ltr'><strong><em>τοῦτο’</em></strong></span> <span class='ocrx_word' id='word_1_1052' title='bbox 1646 2686 1684 2713; x_wconf 85' lang='grc' dir='ltr'><strong><em>γε,</em></strong></span> <span class='ocrx_word' id='word_1_1053' title='bbox 1703 2686 1750 2706; x_wconf 81' lang='grc' dir='ltr'><strong><em>οτι,</em></strong></span> <span class='ocrx_word' id='word_1_1054' title='bbox 1769 2672 1819 2702; x_wconf 73' lang='grc' dir='ltr'><strong><em>δ’</em></strong></span> <span class='ocrx_word' id='word_1_1055' title='bbox 1803 2685 1835 2701; x_wconf 84' lang='grc' dir='ltr'><strong><em>αν</em></strong></span> <span class='ocrx_word' id='word_1_1056' title='bbox 1850 2675 1936 2712; x_wconf 68' lang='grc' dir='ltr'><strong><em>πρέπῃ</em></strong></span> 
     </span>
    </p>
   </div>
   <div class='ocr_carea' id='block_1_17' title="bbox 1140 2169 1199 2203">
    <p class='ocr_par' dir='ltr' id='par_1_19' title="bbox 1140 2169 1199 2203">
     <span class='ocr_line' id='line_1_129' title="bbox 1140 2169 1199 2203; baseline -0.017 -8"><span class='ocrx_word' id='word_1_1057' title='bbox 1140 2169 1199 2203; x_wconf 74' lang='grc' dir='ltr'><strong><em>πίοι,-</em></strong></span> 
     </span>
    </p>
   </div>
   <div class='ocr_carea' id='block_1_18' title="bbox 1140 2423 1200 2454">
    <p class='ocr_par' dir='ltr' id='par_1_20' title="bbox 1140 2423 1200 2454">
     <span class='ocr_line' id='line_1_130' title="bbox 1140 2423 1200 2454; baseline 0 -5"><span class='ocrx_word' id='word_1_1058' title='bbox 1140 2423 1200 2454; x_wconf 70' lang='grc' dir='ltr'><strong><em>πίας</em></strong></span> 
     </span>
    </p>
   </div>
   <div class='ocr_carea' id='block_1_19' title="bbox 1881 905 1949 927">
    <p class='ocr_par' dir='ltr' id='par_1_21' title="bbox 1881 905 1949 927">
     <span class='ocr_line' id='line_1_131' title="bbox 1881 905 1949 927; baseline 0 0"><span class='ocrx_word' id='word_1_1059' title='bbox 1881 905 1949 927; x_wconf 46' lang='grc' dir='ltr'><strong><em>ΙΠ.Ἰ</em></strong></span> 
     </span>
    </p>
   </div>
   <div class='ocr_carea' id='block_1_20' title="bbox 1958 1454 1995 1472">
    <p class='ocr_par' dir='ltr' id='par_1_22' title="bbox 1958 1454 1995 1472">
     <span class='ocr_line' id='line_1_132' title="bbox 1958 1454 1995 1472; baseline 0 0"><span class='ocrx_word' id='word_1_1060' title='bbox 1958 1454 1995 1472; x_wconf 77' lang='lat'><strong><em>290</em></strong></span> 
     </span>
    </p>
   </div>
   <div class='ocr_carea' id='block_1_21' title="bbox 2042 1909 2050 3084">
    <p class='ocr_par' dir='ltr' id='par_1_23' title="bbox 2042 1909 2050 3084">
     <span class='ocr_line' id='line_1_133' title="bbox 2042 1909 2050 3084; baseline 0 0"><span class='ocrx_word' id='word_1_1061' title='bbox 2042 1909 2050 3084; x_wconf 95' lang='lat' dir='ltr'><strong><em> </em></strong></span> 
     </span>
    </p>
   </div>
  </div>
 </body>
</html>
