1998 3084
57 2365 93 2384 ⁴166

770 165 1102 193 POLlTICUS.

113 250 189 285 δῆλον
213 248 264 287 γὰρ
292 247 322 284 δὴ
347 249 432 275 παντί.

1709 164 1755 190 269

112 292 174 323 Πᾶς
191 293 239 328 μὲν
262 290 291 326 δὴ
312 288 344 318 τό
364 300 394 327 γε
416 288 604 326 ξηροτροφικόν
626 289 670 324 τῆς
692 286 931 330 ἄγελαιοτροφίας
928 293 931 316 1
958 298 1013 318 πως
1030 287 1066 318 εἷς
1082 286 1128 321 τὴν
1141 287 1251 323 πορείαν
1265 289 1376 322 πέςμκεν
1390 285 1406 321 ἢ
1420 286 1545 323 καθάπερ
1560 284 1576 322 ἦ
1591 284 1750 323 διάμετρος
1739 297 1755 320 η

113 331 210 362 διέλοιτ’
228 331 260 360 ἄν
276 333 365 368 φῦλον.
400 336 452 358 NE.
471 335 526 358 ΣΩ.
542 331 618 364 Ila-33,-
655 336 702 359 ΞΕ.
721 331 762 368 Τῷ
779 330 866 366 πτηνῷ
880 341 907 357 τε
936 343 937 354 ι
959 328 1063 377 δυναμει
1081 329 1183 361 δίπους,-

113 377 155 403 καῖ
172 375 237 411 πεζῷ
255 371 441 411 διορισάμενος.
485 378 535 400 ΝΕ.
554 378 609 400 ΣΩ.
627 376 815 408 Αληθὲο-τατα.
858 376 906 400 ΞΕ

115 419 147 445 Τι’
163 417 200 450 fii,-
218 416 248 445 τὸ
266 415 398 444 πολιτικὸν
415 415 438 443 εἶ
455 415 514 452 περὶ
531 415 562 443 τὸ
580 414 664 448 πεζόν,
683 417 813 450 ζι]τητεον,·
830 413 846 448 ἢ
862 411 908 442 οὔκ

113 462 162 488 oab»
185 471 228 486 και
253 458 300 486 τὸν
326 455 523 495 ἄφρονέστατον
549 455 583 488 ὡς
609 459 671 488 ἔπος
692 457 773 485 εἰπεῖν
795 455 909 488 δοξάζειν

113 500 206 533 οὕτωςς
248 505 301 528 ΝΕ.
315 504 375 527 ’ΣΩ.
394 498 498 537 Ἔγωγε.
543 505 590 527 ΞΕ.
611 499 663 534 Τὴν
685 500 711 527 δὲ
732 496 907 535 πεζονομικήν,

112 541 236 580 καθάπερ
255 540 314 579 ἇρτι
330 541 376 569 τὸν
394 539 520 579 ἀριθμόν,
536 542 574 569 δεῖ
590 544 744 578 τεμνομένην
761 542 819 576 δίχα
838 538 906 568 ἄπο-

112 587 218 622 φαίνειιν.
261 589 312 612 NE.
334 589 390 611 ΣΩ.
414 584 505 618 Δῆλον.
549 589 598 612 ΞΕ.
625 584 680 611 Καὶ
704 583 754 620 μὴν
780 580 818 619 ἐφ’
838 581 854 610 ὅ
878 593 908 620 γε

111 630 188 665 μέρος
205 626 319 664 ὥρμηκεν
335 624 394 675 ἡμῖν
410 630 422 642 *
438 624 452 653 ὅ
471 624 557 663 λόγος,
577 623 614 653 ἐπ’
633 629 712 654 ἐκεῖνο
729 623 774 653 δύο
790 626 842 652 τινὲ
859 636 906 651 κα-

112 670 202 707 θορᾶν
223 668 275 697 ὀδώ
297 670 421 704 τεταμένα
443 669 574 703 φαίνεται,
597 680 643 703 την
658 670 706 704 μὲν
723 665 824 699 θάττω,
843 665 910 703 πρὸς

110 714 176 750 μέγα
196 713 274 748 μέρος
292 710 400 747 σμικρὸν
421 711 609 747 διαιρουμένην,
632 709 677 745 τὴν
695 710 728 742 δέ,
748 708 812 746 ὅπερ
831 712 856 736 ἐν
873 708 909 735 τῶ

112 752 235 791 πρόσθεν
261 755 390 791 ἐλέγομεν,
418 751 457 780 ὅτι
484 753 523 780 δεῖ
545 755 702 789 μεσοτομεῖν
727 750 762 782 ῶς
785 749 907 788 μάλιστα,

112 793 179 837 τοῦτ
204 796 316 830 ἔχουσαν
340 795 451 831 μᾶλλον,
480 797 644 832 μακροτέραν
672 806 702 832 γε
727 792 784 831 μήν.
812 794 909 824 ἔξεστιν

113 839 170 870 οὖν,
198 835 328 875 ὁποτέραν
350 835 382 864 ἂν
403 837 586 873 βουληθῶμεν,
614 835 709 871 ταύτην
735 835 907 873 πορευθῆναι.

112 885 162 908 ΝΕ.
180 885 236 908 ΣΩ.
256 881 288 907 Τι’
308 880 346 912 δέῐ
370 877 526 930 ἀμφοτέρας
542 877 683 912 ἆδύιατον;
727 884 776 906 ΞΕ.
790 876 857 914 Ἅμα
874 875 908 915 γ’,

112 923 132 950 ὠ
150 923 302 959 θαυμαστέ-
323 925 348 949 ἑν
363 923 433 959 μέρει
449 933 480 959 γε
495 920 546 958 μὴν
565 921 640 956 δῆλον
658 919 698 949 ὅτι
716 918 834 948 δυνατόν.
858 925 901 947 ΝΕ

112 970 167 993 ΣΩ.
184 962 224 992 Ἐν
237 966 307 1001 μέρει
322 965 407 992 τοίνυν
426 965 504 1002 ε’γωγε
524 961 672 1000 ἀμφοτέρας
688 969 692 983 ¹
710 962 841 999 αἶροῧμαι.
859 966 908 990 ΞΕ.

109 1005 222 1043 Ῥᾴδιον,
245 1005 330 1041 ἐπειδὴ
352 1005 382 1034 τὸ
401 1006 493 1034 λοιπὸν
511 1004 603 1043 βραχύ
627 1003 679 1033 κατ’
690 1003 783 1054 ,ἀρχὰς
798 1003 849 1041 μὴν
867 1004 910 1031 καὶ

111 1049 236 1087 μισοῦσιν
262 1047 316 1086 ἅμα
342 1047 386 1083 τῆς
410 1050 519 1085 πορείας
541 1047 658 1082 χαλεπὸν
685 1045 716 1074 ἂν
741 1047 772 1081 ἦν
797 1045 856 1083 ἥμῖν
877 1044 908 1073 τὸ

111 1089 272 1140 πρᾶςταγμα.
298 1090 344 1119 νῦν
361 1087 395 1122 δ’,
415 1090 500 1125 ἐπειδὴ
519 1090 590 1117 δοκεῖ
605 1101 700 1126 ταυτη,
717 1087 764 1124 τὴν
779 1090 907 1125 μακροτέ-

112 1145 161 1172 ραν
176 1131 305 1171 πρότερον
322 1135 408 1169 ἴωμεν
432 1134 594 1170 νεαλέστεροι
614 1130 666 1169 γὰρ
689 1141 760 1162 οντες
777 1130 842 1169 ρ’ᾇον
861 1128 907 1158 αὖ·

111 1174 157 1211 τὴν
172 1174 372 1213 πορευσόμεθα.
390 1173 436 1210 τὴν
453 1173 499 1202 Γ
499 1173 528 1209 δη
547 1173 695 1211 διαίρεσιν
673 1173 742 1224 ο’.ρα
786 1178 837 1200 ΝΕ.
853 1177 909 1200 ΣΩ.

112 1220 186 1256 Λέγε
228 1223 272 1245 lx.
291 1222 339 1245 ΞΕ.
360 1216 399 1244 Τὰ
421 1216 486 1249 πεζὰ
506 1215 567 1266 ἡμῖν
592 1216 643 1244 τῶν
667 1214 778 1253 ἡμέρων,
807 1214 909 1251 ὅσαπερ

113 1258 233 1298 ἇγελαῖα,
255 1260 392 1297 διῃρημένα
415 1259 470 1287 ἐστὶ
491 1270 569 1295 φυσει
587 1259 652 1294 δίχα.
696 1263 748 1286 NE.
767 1263 822 1285 ΣΩ.
842 1259 909 1289 Τίνι;

113 1307 161 1331 ΞΕ.
180 1301 222 1339 Τῷ
242 1302 294 1330 τῶν
313 1304 360 1339 μὲν
381 1300 426 1336 τὴν
446 1303 546 1340 γένεσιν
569 1299 666 1337 ἅκερων
687 1298 763 1332 εἶναι,
786 1300 836 1328 τῶν
858 1300 885 1326 δὲ
905 1305 908 1319 ¹

112 1343 278 1382 κεραςφόρον.
322 1349 372 1371 ΝΕ.
390 1349 447 1371 ΣΩ.
469 1345 598 1371 Φαίνεται.
642 1348 690 1371 ΞΕ.
711 1342 763 1378 Τὴν
784 1342 814 1377 δὴ
831 1343 908 1373 πεζο-

113 1386 216 1424 νομικὴν
233 1385 321 1415 διελὼν
344 1384 445 1417 ἆπόδος
461 1388 571 1423 ἑκατέρῳ
594 1385 629 1422 τῷ
646 1384 729 1422 μέρει,
753 1383 821 1422 λόγῳ
839 1396 907 1421 χρω-

112 1439 196 1468 μενος”
225 1427 257 1457 ἂν
276 1428 329 1467 γὰρ
351 1427 486 1465 ὀνομάζειν
507 1426 574 1456 αὐτὰ
597 1428 743 1465 βουληθῇς,
772 1428 845 1455 ἔσται
867 1437 910 1454 σοι

113 1473 345 1522 περιπεπλεγμένον
364 1471 463 1508 μᾶλλον
485 1471 532 1499 τοῦ
550 1471 659 1501 δέοντος.
703 1475 754 1497 NE.
773 1474 828 1496 ΣΩ.
847 1469 911 1499 Πῶς

115 1525 160 1542 ουν
175 1513 224 1551 χρὴ
241 1515 334 1552 λέγεινς
373 1518 421 1541 ΞΕ
437 1509 507 1541 Ὧδε
527 1513 571 1548 τῆς
588 1512 754 1549 πεζονομικῆς
767 1509 911 1560 ἐπιστήμης

115 1557 172 1592 δίχα
190 1556 366 1594 διαιρεθείσης
383 1554 414 1583 τὸ
431 1554 526 1593 μόριον
544 1554 662 1592 θάτερον
685 1555 726 1582 ἐπὶ
743 1554 778 1590 τῷ
796 1551 908 1591 κεροφό-

114 1610 150 1636 ρῳ
165 1600 235 1636 μέρει
251 1597 287 1635 τῷ
304 1597 349 1634 τῆς
367 1595 458 1636 ἀγέλης
475 1596 656 1632 ἐπιτετάχθαι,
674 1596 704 1625 τὸ
725 1596 782 1624 δὲ“
768 1607 854 1645 ετερον
869 1595 911 1622 ἐπὶ

113 1640 149 1678 τῷ
173 1640 217 1677 τῆς
243 1638 377 1678 ἇκερᾶτου.
420 1645 472 1668 ΝΕ.
495 1645 551 1667 ΣΩ.
575 1637 652 1667 Ταῦτ’
677 1640 742 1667 ἔστω
765 1637 845 1675 ταύτῃ
868 1640 909 1665 λε-

112 1685 223 1719 χθέντα·
249 1681 354 1714 πάντως
377 1689 380 1703 ¹
402 1681 455 1721 γὰρ
482 1682 574 1713 ἱκανῶς
600 1681 745 1716 δεδήλωται.
789 1686 837 1709 ΞΕ.
855 1680 911 1708 Καὶ

113 1724 163 1763 μὴν
185 1724 200 1754 ὅ
220 1737 250 1764 γε
269 1724 392 1775 βασιλεὺς
412 1723 472 1762 ἡμῖν
498 1725 532 1753 αὐ
557 1734 708 1760 καταφανης
733 1722 773 1751 ὅτι
799 1722 911 1759 κολοβὸν

116 1765 206 1806 ἇγέλην
222 1767 279 1796 τινὰ
297 1779 410 1805 κερατων
431 1766 540 1804 νομευει.
584 1772 635 1794 ΝΕ
654 1771 709 1794 ΣΩ.
728 1765 793 1797 Πῶς
808 1764 860 1803 γὰρ
879 1777 911 1792 ου

115 1810 202 1845 δῆλος-ς
244 1814 293 1839 ΞΕ.
313 1809 414 1845 Ταυτην
439 1810 525 1838 τοίνυν
551 1807 787 1846 καταθραῦσαντες
812 1806 843 1835 τὸ
869 1819 909 1845 γι-

113 1851 238 1891 γνόμενον
255 1851 324 1889 αυτῷ
341 1851 496 1892 πειρώμεθα
512 1850 664 1880 ἀποδοῦναι.
709 1856 760 1878 ΝΕ.
775 1855 832 1878 ΣΩ.
848 1848 909 1876 Πά-

115 1906 197 1933 νυγε.
240 1899 288 1922 ΞΕ.
306 1893 428 1932 Πότερον
454 1894 500 1922 οὖν
526 1893 612 1930 βούλει
637 1893 798 1943 affluo-21⁰7«)
819 1903 846 1920 τε
868 1891 911 1919 καὶ

115 1937 150 1974 τῷ
166 1939 310 1974 καλουμένῳ
327 1936 422 1974 μῶνυχι
441 1937 547 1974 διαιρεῖν
570 1934 660 1970 αὐτην,
682 1934 697 1970 ἢ
715 1935 746 1972 τῇ
764 1935 910 1972 κοιιογοιίᾳ

115 1990 142 2007 τε
158 1980 201 2007 καὶ
223 1979 360 2017 ἶδιογυνίᾳς
383 1977 530 2015 μανθάνεις
550 1990 602 2016 γαρ
623 1990 684 2006 που.
728 1983 779 2005 NE.
798 1981 854 2004 ΣΩ.
874 1976 910 2003 Τὸ

115 2025 204 2055 ποῖονς
246 2026 295 2050 ΞΕ.
309 2021 363 2049 Ὅτι
381 2021 411 2049 τὸ
428 2023 475 2058 μὲν
492 2021 543 2049 τῶν
559 2023 646 2048 ἵππων
663 2021 706 2047 καὶ
725 2018 791 2048 ὄνων
807 2025 811 2039 ¹
826 2021 909 2054 πέφυ-

115 2075 157 2092 κεν
178 2066 206 2096 ἐξ
227 2061 338 2099 ἀλλήλων
358 2064 458 2101 γενιᾶν.
502 2069 553 2091 ΝΕ.
572 2068 627 2091 ΣΩ.
649 2064 712 2090 Ναί.
756 2066 806 2090 ΞΕ,
826 2060 862 2088 Τὸ
886 2061 913 2088 δέ

115 2117 145 2144 γε
161 2104 285 2134 λοιπὸν”
271 2118 306 2134 ετι
323 2106 368 2141 τῆς
384 2107 452 2137 λείας
470 2103 560 2144 ἀγέλης
577 2105 628 2133 τῶν
644 2103 744 2141 ἡμέρων
762 2102 851 2141 ἀμιγὲς
867 2105 910 2140 γε’-

117 2159 153 2176 νει
168 2147 234 2186 πρὸς
256 2147 357 2197 α’λληλα.
401 2153 455 2176 NK
470 2153 526 2175 ΣΩ.
541 2148 606 2179 Πῶς
627 2145 651 2174 δ)
672 2145 716 2180 οὔ,-
760 2151 808 2174 ΞΕ
828 2146 860 2172 Τι’
876 2143 912 2177 6,-

118 2188 132 2218 ὅ
149 2189 280 2221 πολιτικὸς
298 2188 336 2227 ἆρ’
357 2193 499 2240 ἐπιμέλειαν
520 2191 585 2225 ἔχειν
601 2191 720 2226 φαίνεται
737 2187 837 2225 πότερα
855 2199 910 2215 κοι-

118 2232 237 2271 νογενοῦς
253 2231 356 2269 φύσεως
372 2231 388 2268 η’
405 2243 474 2263 τινος
492 2232 645 2270 ἶδιογενοῦςς
681 2237 732 2259 NE.
751 2236 807 2258 ΣΩ.
828 2229 913 2265 Δῆλον

119 2286 158 2303 οτι
173 2275 217 2310 τῆς
234 2273 348 2312 αμίκτου.
392 2279 440 2303 ΞΕ.
460 2273 562 2309 Ταυτην
579 2273 609 2309 δὴ
625 2274 664 2302 δεῖ
677 2272 803 2310 καθάπερ
819 2271 850 2300 τὰ
867 2273 911 2308 ἐμ-

118 2319 247 2366 προσθιεν,
265 2315 300 2348 ῶς
319 2318 404 2349 ἔοικεν,
423 2315 489 2353 ἧμᾶς
508 2317 564 2352 δίχα
581 2317 743 2344 διαστέλλειν.
787 2320 838 2342 ΝΕ.
857 2319 912 2341 ΣΩ.

119 2361 167 2387 Δεῖ
181 2358 232 2411 γὰρ
250 2360 303 2387 οὑν.
346 2364 395 2387 ΞΕ.
414 2364 426 2376 *
443 2359 498 2386 Και
515 2358 565 2395 μὴν
582 2357 613 2386 τό
629 2370 659 2396 γε
677 2358 749 2390 ζῶον,
769 2357 834 2385 ὅσον
851 2355 911 2393 η’με-

118 2413 166 2438 ρον
185 2402 228 2429 καὶ
251 2399 384 2440 ἀγελαῖον,
407 2401 501 2436 σχεδὸν
522 2400 587 2435 πλὴν
603 2404 690 2438 γενοῖν
708 2401 780 2428 δυοῖι
796 2399 850 2427 πᾶν
868 2397 912 2433 ἠδη

119 2442 386 2480 κατακεκερματισται.
417 2443 447 2472 τὸ
474 2443 525 2481 γὰρ
554 2443 604 2470 τῶν
628 2443 709 2470 κυνῶν
735 2454 781 2470 ουκ
808 2440 914 2472 ἐπαξιον

119 2489 290 2523 καταριθμεῖν
310 2488 384 2527 γένος
405 2484 439 2517 ὦς
461 2489 487 2513 ἐν
509 2484 638 2538 ἀγελαίοις
660 2487 817 2522 θρεμμασιν.
862 2488 914 2510 ΝΕ.

120 2533 176 2555 ΣΩ.
201 2527 237 2556 Οὐ
257 2528 308 2566 γὰρ
337 2528 390 2556 οὖν
419 2525 483 2555 ἄλλα
505 2529 552 2555 τίνι
575 2527 605 2562 δὴ
625 2526 661 2555 τώ
684 2525 730 2555 δύο
754 2526 913 2578 διαιροῦμενς

120 2574 169 2597 ΞΕ.
183 2571 273 2607 Ὡιπερ
291 2571 334 2597 καὶ
352 2569 450 2598 δίκαιόν
466 2581 496 2607 γε
515 2567 656 2603 Θεαίτητόν
673 2580 700 2597 τε
721 2569 765 2596 καὶ
783 2570 812 2596 σὲ
831 2568 913 2595 διανέ-

119 2623 182 2648 μειν,
201 2612 285 2646 ἐπειδὴ
302 2624 344 2639 και
361 2614 517 2650 γεωμετρίας
535 2610 683 2639 απτεσθον
717 2616 768 2638 ΝΕ.
787 2615 843 2638 ΣΩ.
861 2609 914 2645 Τῷς

121 2658 169 2682 ΞΕ.
189 2654 227 2691 Τῇ
249 2654 372 2691 διαμέτρῳ
395 2653 477 2689 δήπου
499 2655 543 2681 καὶ
563 2652 641 2681 παλιν
661 2653 694 2690 τῇ
714 2653 759 2688 τῆς
780 2653 916 2689 διαμέτρου

122 2695 252 2734 διαμέτρῳ.
296 2702 346 2723 ΝΕ.
369 2702 422 2724 ΣΩ.
441 2696 506 2727 Πῶς
526 2694 606 2728 51:153,-
650 2700 698 2724 ΞΕ.
714 2693 750 2722 H
771 2693 860 2731 φύσις,
888 2705 917 2727 ην

1227 333 1277 356 NE
1297 334 1351 356 ΣΩ.
1373 327 1423 357 Οίκ
1443 327 1530 359 ἄλλως.
1574 334 1623 357 ΞΕ.
1638 328 1694 356 Καὶ
1706 327 1756 369 μὴν

476 252 526 274 ΝΕ.
554 251 608 274 ΣΩ.
631 248 696 279 Πῶς
722 245 746 274 δ’
770 244 814 279 οὖς
857 251 907 274 ΞΕ.
928 258 937 289 ι’
958 246 987 273 τὸ
1006 246 1080 283 γένος
1096 242 1167 281 ἦμῶν
1189 249 1193 264 ¹
1216 243 1267 272 τῶν
1285 242 1435 294 ιινθρώτὶων
1452 246 1580 279 κέκτηται
1601 244 1657 281 μῶν
1675 241 1755 273 ἄλλως
1781 249 1797 267 Β

958 370 974 407 η’
991 383 1019 410 γε
1038 371 1086 399 τοῦ
1107 370 1201 399 λοιποῦ
1222 372 1312 408 γένους
1333 370 1410 398 παλιν
1433 372 1487 399 εστὶ
1508 370 1574 398 κατὰ
1599 369 1705 407 δυναμιν
1723 381 1756 397 av
1797 378 1799 383 ¹

959 415 1003 449 τῆς
1019 412 1142 450 ήμετέρας
1160 411 1290 449 δυνάμεως
1307 412 1453 450 διάμετρος,
1477 415 1547 449 εἰπερ
1566 414 1638 441 δυοῖν
1654 415 1685 451 γε’
1702 416 1756 440 ἐστι

958 456 1054 484 ποδοῖν
1080 456 1118 486 δὶς
1142 458 1279 490 πεφυκυῖα.
1328 460 1376 482 ΝΕ
1400 460 1454 482 ΣΩ.
1477 455 1541 486 Πῶς
1567 453 1590 482 δ
1615 452 1662 483 οὐκ
1689 455 1756 487 ἔστη

959 510 1002 525 και
1025 497 1054 532 δὴ
1076 509 1118 524 και
1142 496 1235 532 σχεδὸν
1257 495 1272 524 ὅ
1295 496 1379 532 Boua
1407 497 1498 531 δηλοῦν
1523 496 1662 545 μανθανω.
1706 502 1755 524 ΞΕ.

960 539 1035 577 Πρὸς
1053 539 1083 574 δὴ
1099 537 1202 570 τούτοις
1213 550 1306 579 ετερον
1325 551 1357 566 av
1375 551 1397 566 τι
1416 539 1466 566 τῶν
1482 540 1549 576 πρὸς
1565 541 1663 577 γέλωτα
1679 536 1753 567 εὐδο-

959 580 1121 634 κιμηστιίντων
1139 593 1178 613 αν,
1202 581 1222 608 ὦ
1239 580 1387 617 Σωκρατες,
1416 582 1467 616 (ἔρα
1490 581 1648 618 καθορῶμεν
1668 579 1728 617 ημῖν
1750 587 1754 600 ¹

959 623 1068 662 γεγονὸς
1085 626 1181 654 ἕντοῖς
1199 623 1368 671 διῃρημενοις;
1400 628 1449 650 NE.
1466 628 1520 650 ΣΩ.
1538 623 1574 651 Τὸ
1593 627 1684 655 ποῖον;
1707 628 1755 650 ΞΕ.

961 664 1154 703 Τᾶνθρώπινον
1175 663 1246 702 ἡμῶν
1268 664 1322 701 ἁμα
1343 676 1417 702 γειος
1439 664 1583 700 ξυιειληχός
1603 678 1647 692 και
1668 666 1754 697 ξυνδε-

960 707 1098 757 δραμηκὸς
1110 709 1176 746 γένει
1197 707 1233 744 τῷ
1255 707 1306 735 τῶν
1328 706 1408 734 ὀντωι
1433 719 1606 744 γενναιοτατῳ
1632 708 1675 734 καὶ
1703 706 1756 743 ἅμα

959 748 1142 787 εὖχερεσ-τατῳ.
1189 755 1240 777 NE.
1267 754 1322 777 ΣΩ.
1349 749 1473 786 Καθορῶ
1500 750 1543 776 καὶ
1567 748 1626 786 μαλ
1654 747 1757 780 ἀτόπως

959 793 1107 829 ξυμβαῖνον.
1151 797 1200 820 ΞΕ.
1220 793 1252 819 Τί
1268 789 1303 824 (Y,-
1323 789 1368 819 οὐκ
1386 791 1455 822 εἰκὸς
1467 803 1569 819 υστατα
1585 789 1756 827 ἀφικνεῖσθαι

959 834 991 862 τὰ
1010 833 1172 872 βραδύτατας
1216 839 1267 861 NE.
1286 839 1341 861 ΣΩ.
1363 835 1426 865 Ναί,
1445 832 1524 862 τοῦτο’
1541 845 1578 872 γε.
1622 838 1670 861 ΞΕ.
1691 832 1756 861 Τόδε

960 878 987 905 δὲ
1006 876 1051 905 οὐκ
1070 876 1217 913 ἐννοοῦμεν,
1240 874 1273 907 ῶς
1292 877 1327 904 ἔτι
1344 875 1506 913 γελοιότερος
1523 874 1537 904 ὁ
1557 875 1676 912 βασιλεὺς
1693 877 1753 911 φαί-

959 931 1029 947 νεται
1049 919 1114 956 μετὰ
1136 918 1181 954 τῆς
1203 916 1293 956 ἀγέλης
1314 919 1475 949 ξυνδιαθὲων
1496 918 1539 945 καὶ
1561 917 1690 955 ξυνδρομα
1708 929 1754 945 πε-

958 964 1117 999 πορευμένος
1138 961 1174 998 τῷ
1195 960 1246 988 τῶν
1268 959 1367 997 ανδρῶν
1391 955 1423 988 αὖ
1440 960 1507 997 πρὸς
1530 960 1576 988 τὸν
1593 959 1682 997 εὐχερῆ
1701 960 1756 996 βίον

961 1010 965 1023 ¹
981 1015 1084 1045 αριστα
1109 1004 1321 1044 γεγυμνασμένω;
1365 1009 1415 1030 ΝΕ.
1443 1008 1498 1030 ΣΩ.
1523 1001 1685 1030 Παντάπασι
1709 1004 1756 1039 μὲν

960 1058 1013 1074 ουν.
1057 1051 1105 1074 ΞΕ.
1126 1045 1185 1073 Mna
1204 1057 1268 1083 γαρ,
1291 1045 1311 1072 ὦ
1332 1044 1469 1082 Σώκρατες
1458 1063 1480 1077 ,
1504 1043 1584 1073 ἐκεῖνό
1603 1048 1657 1072 ἐστι
1673 1056 1754 1072 κατα-

959 1090 1039 1124 φανὲς
1054 1088 1154 1124 μᾶλλον
1170 1086 1200 1115 τὸ
1220 1089 1304 1125 ρηθὲν
1324 1085 1376 1115 τότ’
1397 1091 1422 1115 ἐν
1440 1087 1471 1123 τῇ
1488 1087 1548 1124 περὶ
1565 1086 1611 1114 τὸν
1629 1086 1757 1122 σοφιστὴν

960 1129 1066 1165 ζητήσει.
1110 1135 1162 1157 NE.
1188 1134 1244 1157 ΣΩ.
1271 1129 1309 1157 Τὸ
1336 1133 1426 1162 ποῖονς
1471 1134 1518 1156 ΞΕ.
1533 1127 1588 1157 υΟτι
1613 1129 1644 1165 τῇ
1670 1128 1756 1164 τοιᾷδε

958 1172 1068 1210 μεθόδῳ
1090 1172 1141 1200 τῶν
1158 1170 1242 1210 λόγων
1264 1170 1323 1199 οὔτε
1346 1174 1502 1208 σεμνοτέρου
1521 1171 1620 1207 μᾶλλον
1639 1173 1757 1207 ἐμέλησεν

960 1214 975 1250 ἢ
991 1213 1034 1252 μή,
1051 1213 1099 1263 τρν
1115 1225 1142 1242 τε
1161 1212 1330 1251 σμικρότεροι
1348 1212 1422 1242 ουδὲν
1440 1212 1544 1250 ἠτίμακε
1566 1213 1617 1251 πρὸ
1637 1213 1684 1241 τοῦ
1699 1214 1754 1250 μεί-

960 1259 1041 1290 ζονος,
1061 1254 1101 1284 αεὶ
1118 1257 1145 1284 δὲ
1162 1254 1226 1284 καθ’
1247 1255 1325 1290 αὐτὴν
1342 1257 1456 1293 περαίνει
1474 1254 1679 1291 ταληθέστατον.
1704 1261 1755 1282 NE

960 1305 1016 1327 ΣΩ.
1038 1297 1142 1327 Ἔοικεν.
1191 1303 1240 1326 ΞΕ.
1265 1296 1364 1327 Ουκοῦν
1388 1297 1454 1335 μετὰ
1480 1298 1571 1330 τοῦτο,
1597 1299 1640 1325 ἵνα
1664 1310 1699 1334 μη
1724 1309 1756 1334 με

959 1341 1036 1379 φθῇς
1054 1339 1184 1379 ἐρωτήσας
1201 1340 1246 1376 τὴν
1264 1341 1423 1377 βραχυτέραν
1441 1339 1504 1369 ὁδὸν
1521 1339 1574 1375 ἥτις
1591 1339 1650 1368 τότε
1668 1335 1698 1375 ἧν
1715 1340 1757 1367 ἐπὶ

960 1384 1006 1412 τὸν
1027 1383 1074 1412 τοῦ
1097 1390 1101 1403 ¹
1125 1383 1248 1420 βασιλέως
1270 1382 1344 1420 ὅρον,
1368 1381 1447 1414 αὐτός
1465 1394 1507 1411 σοι
1525 1382 1653 1419 πρότερον
1672 1383 1756 1414 3230),-

960 1432 1011 1454 NE.
1029 1431 1086 1453 ΣΩ
1103 1424 1214 1463 Σφόδρα
1231 1437 1269 1463 γε.
1313 1430 1361 1453 ΞΕ.
1380 1427 1455 1463 Λέγω
1474 1424 1503 1460 δὴ
1526 1425 1578 1453 δεῖν
1599 1423 1658 1452 τότε
1675 1422 1758 1455 εὐθὺς

962 1468 990 1497 τὸ
1010 1467 1087 1500 πεζὸν
1108 1469 1143 1504 τῷ
1166 1468 1252 1496 δίποδι
1272 1467 1338 1505 πρὸς
1359 1479 1389 1495 το
1408 1466 1554 1504 τετράπουν
1570 1469 1644 1505 γένος
1661 1467 1755 1494 διανεῖ-

959 1523 1018 1548 μαι,
1045 1510 1183 1538 κατιδόντα
1211 1511 1237 1538 δὲ
1259 1507 1444 1547 τανθρωπινον
1467 1510 1502 1537 ἔτι
1523 1508 1593 1546 μόνῳ
1616 1509 1650 1546 τῷ
1671 1508 1758 1545 πτηνῷ

961 1553 1106 1588 ξυνειληχὸς
1127 1552 1172 1587 τὴν
1194 1553 1288 1580 δίποδα
1311 1550 1402 1589 ἀγέλην
1422 1550 1500 1579 παλιν
1521 1552 1556 1588 τῷ
1578 1551 1644 1588 ψιλῷ
1661 1551 1704 1578 καῖ
1722 1551 1757 1587 τῷ

960 1598 1103 1633 πτεροφυεῖ
1126 1596 1234 1631 τέμνειν,
1257 1596 1401 1631 τμηθείσης
1423 1595 1450 1622 δὲ
1472 1592 1549 1629 αυτῆς
1570 1594 1613 1621 καὶ
1639 1591 1691 1621 τότ’
1712 1592 1757 1628 ἤδη

962 1638 1004 1673 τῆς
1032 1636 1267 1675 ἆνθρωπονομικῆς
1288 1637 1449 1672 δηλωθείσης
1470 1638 1556 1671 τέχνης
1577 1639 1690 1673 φέροντα
1711 1635 1758 1663 τὸν

961 1679 1094 1708 πολιτικὸν
1115 1680 1159 1707 καὶ
1181 1678 1324 1715 βασιλικόν,
1353 1677 1410 1707 οἷον
1429 1677 1535 1713 ἡνίοχον
1555 1678 1592 1709 εἷς
1614 1676 1692 1712 αὐτὴν
1716 1681 1755 1705 ἑν-

962 1721 1107 1758 στήσαντα,
1124 1721 1291 1770 παραδοῦναι
1311 1721 1358 1752 τὰς
1378 1721 1423 1756 τῆς
1443 1719 1544 1752 πόλεως
1563 1718 1645 1756 ἡνίας,
1665 1718 1699 1751 ὡς
1716 1719 1756 1747 οἶ-

961 1766 1030 1796 κείας
1042 1765 1086 1792 καὶ
1099 1762 1168 1801 αὐτῷ
1182 1774 1276 1798 ταυτης
1290 1774 1370 1798 ovo-123
1382 1763 1426 1799 τῆς
1440 1761 1616 1799 ἐπιστήμης*
1635 1768 1685 1790 NE.
1701 1767 1756 1789 ΣΩ.

960 1807 1071 1839 Καλῶς,
1081 1807 1124 1834 καὶ
1142 1807 1292 1843 καθαπερεὶ
1305 1808 1382 1843 χρέος
1400 1803 1534 1836 απέδωκιίς
1549 1817 1596 1842 μοι
1610 1804 1656 1832 τὸν
1670 1803 1757 1852 λόγον,

961 1849 1089 1898 προςθεὶς
1109 1848 1155 1884 τὴν
1177 1849 1302 1886 ἐκτροπὴν
1328 1852 1384 1876 οἱον
1405 1847 1484 1876 τόκον
1504 1848 1548 1875 καὶ
1571 1856 1760 1882 αναπι.ηρωσας

962 1890 1049 1919 αυτόν.
1093 1897 1125 1918 X.
1144 1896 1192 1919 ΞΕ.
1214 1893 1278 1928 Φέρε
1301 1889 1342 1925 δή,
1365 1903 1409 1917 και
1426 1891 1577 1927 ξυνείρωμεν
1595 1888 1756 1917 ε’πανελθον-

961 1945 1002 1964 τες
1024 1934 1066 1961 ἐπὶ
1087 1945 1132 1968 την
1155 1931 1236 1970 ἆρχὴι
1256 1935 1329 1970 μέχρι
1350 1933 1394 1967 τῆς
1415 1933 1530 1967 τελευτῆς
1552 1932 1598 1960 τὸν
1615 1930 1695 1969 λόγον
1712 1931 1758 1959 τοῦ

962 1974 1094 2016 ὀνόματος
1114 1975 1159 2010 τῆς
1179 1975 1227 2003 τοῦ
1248 1975 1381 2003 πολιτικοῦ
1399 1977 1492 2010 τέχνης.
1536 1980 1587 2002 ΝΕ
1607 1979 1663 2001 ΣΩ.
1681 1972 1759 2000 Πανυ

960 2020 1007 2059 μὲν
1029 2018 1082 2046 οὖν.
1126 2022 1174 2045 ΞΕ.
1194 2017 1245 2052 Τῆς
1264 2017 1405 2055 γνωστικῆς
1424 2019 1511 2045 τοίνυν
1537 2015 1676 2054 ἐπιστήμης
1700 2014 1760 2052 ημῖν

961 2060 993 2096 ἦν
1009 2057 1064 2088 κατ’
1085 2057 1167 2097 ἀρχὰς
1187 2062 1265 2097 μέρος
1286 2058 1458 2087 ἐπιτακτικόν
1481 2058 1577 2087 τούτου
1599 2059 1625 2086 δὲ
1649 2070 1756 2085 απεικα-

964 2105 1034 2131 σθέν
1054 2101 1086 2130 τὸ
1106 2101 1200 2150 μόριον
1227 2099 1439 2130 αὗτεπιτακτικὸν
1465 2100 1573 2139 ερρήθη.
1601 2100 1758 2137 ςωοτροφικη

963 2145 990 2173 δὲ
1010 2151 1014 2165 ¹
1032 2144 1110 2172 παλιν
1129 2142 1337 2179 αὐτεπιτακτυιῆς
1359 2142 1390 2172 οὗ
1406 2143 1436 2172 τὸ
1456 2142 1630 2181 σμικρότατον
1646 2143 1697 2171 τῶν
1713 2154 1757 2180 γε·

962 2187 1013 2215 νῶν
1031 2185 1194 2221 απεσχίζετο·
1217 2199 1261 2214 και
1279 2186 1452 2227 ζωοτροφικῆς
1468 2184 1536 2217 εῗδος
1559 2183 1756 2224 ἆγελαιοτροφι-

962 2228 1016 2262 κόν,
1040 2228 1272 2267 αγελαιοτροφικοῦ
1294 2226 1318 2256 δ’
1339 2240 1372 2256 αυ
1388 2227 1562 2265 πεζονομικόν.
1588 2228 1636 2256 τοῦ
1658 2227 1685 2255 δὲ
1711 2238 1757 2254 πε-

963 2272 1099 2308 ζονομικοῦ
1115 2270 1229 2308 μάλιστα
1248 2269 1406 2311 απετέμνετο
1417 2273 1489 2305 τέχνη
1504 2270 1548 2306 τῆς
1563 2268 1691 2307 ἇκερατου
1707 2267 1757 2305 Ψύ-

1783 585 1799 604 C

1784 1767 1817 1784 263
1854 1766 1855 1772 ¹

964 2324 1030 2345 σεως
1052 2312 1187 2351 θρεπτική.
1214 2323 1308 2348 ταυτης
1329 2310 1353 2340 δ’
1374 2325 1407 2341 αυ
1427 2313 1457 2341 τὸ
1479 2315 1557 2364 μέρος
1583 2311 1629 2340 οὐκ
1654 2313 1760 2339 {ianm
1791 2315 1793 2323 ¹

963 2357 1071 2393 τριπλοῦ
1087 2357 1238 2392 συμπλέκειν
1253 2353 1403 2393 αναγκαῖον,
1420 2353 1452 2383 ἄν
1466 2355 1502 2386 εἷς
1516 2355 1542 2382 ἕν
1559 2365 1596 2386 τις
1614 2352 1676 2382 αὐτὸ
1697 2352 1757 2382 ονο-

963 2411 1000 2435 μα
1018 2401 1172 2436 ξυναγαγεῖν
1190 2397 1322 2434 βουληθῇ,
1343 2399 1466 2436 γενέσεως
1487 2395 1596 2434 αμίκτου
1612 2395 1760 2433 νομευτικὴν

965 2439 1106 2477 ἐπιστήμην
1128 2438 1334 2477 προςαγορεύων.
1361 2439 1391 2468 τὸ
1415 2438 1439 2467 δ)
1464 2437 1517 2467 ἀπὸ
1544 2438 1639 2468 τούτου
1665 2439 1758 2475 τμῆμα,

965 2483 1007 2510 ἐπὶ
1028 2484 1125 2519 ποίμνῃ
1147 2488 1151 2501 ·
1175 2482 1261 2509 δίποδι
1279 2484 1358 2519 μέρος
1384 2480 1621 2519 ἇνθρωπονομικὸν
1647 2482 1681 2508 ἔτι
1709 2483 1757 2507 λει-

964 2526 1037 2561 φθὲν
1057 2523 1150 2561 μόνον,
1173 2521 1242 2552 ‘tamt’
1262 2522 1327 2552 αυτό
1350 2528 1419 2552 ἐστιν
1440 2523 1487 2559 ηδη
1509 2523 1538 2552 τὸ
1562 2525 1682 2558 ζητηθέν,
1706 2521 1759 2558 ἅμα

966 2566 1099 2603 βασιλικὸν
1129 2564 1209 2594 ταυτὸ
1241 2569 1339 2601 κληθὲν
1369 2567 1413 2594 καὶ
1443 2565 1581 2594 πολιτικόν.
1626 2570 1676 2592 NE
1703 2569 1759 2591 ΣΩ.

965 2608 1129 2637 Παντάπασι
1144 2610 1192 2645 μὲν
1209 2608 1262 2636 οὖν.
1306 2614 1354 2637 ΞΕ.
1370 2604 1434 2646 Ἀρά
1448 2607 1481 2646 γ’,
1500 2603 1519 2635 ῶ
1534 2607 1677 2644 Σωκρατες,
1697 2604 1759 2641 αλη-

966 2651 1025 2682 θῶς
1042 2649 1101 2688 ημῖν
1118 2650 1204 2683 τοῦτο,
1223 2650 1349 2688 καθάπερ
1367 2651 1400 2679 σὺ
1418 2651 1463 2679 νῦν
1479 2653 1587 2687 εἴρηκας,
1607 2649 1688 2680 ουτως
1706 2648 1761 2676 ἐστι

966 2694 1009 2721 καὶ
1030 2695 1224 2731 πεπραγμένον,
1268 2699 1320 2721 ΝΕ.
1338 2699 1393 2721 ΣΩ.
1414 2693 1450 2721 Τὸ
1473 2695 1551 2721 ποῖον
1569 2690 1611 2727 δή;
1655 2696 1703 2720 ΞΕ
1723 2689 1760 2719 Τὸ
