1998 3084
268 190 298 210 w
909 183 925 208 Ι·
948 183 966 208 R
988 182 1007 207 A
1032 183 1049 207 E
1074 183 1090 208 F
1113 183 1133 208 Α
1155 184 1174 208 ἰ’
1196 183 1203 208 1
1225 184 1256 208 (1,

268 276 445 317 habuisse,
475 275 542 309 nisi
572 286 661 320 quae
690 279 752 308 aut
780 287 824 308 ex
854 275 992 309 aurium
1023 275 1151 310 iudicio
1180 280 1242 309 aut
1270 287 1315 308 ex
1343 274 1525 309 varietatis
1554 273 1704 320 quadam
1731 272 1846 322 gratia
1871 276 1907 308 et

267 342 499 378 oblectatione
526 340 703 388 penderet.
757 340 838 374 Alia
860 345 977 375 autem
1000 346 1188 388 perpetuae
1212 341 1393 376 cuiusdam
1415 340 1562 375 rationis
1584 346 1619 375 et
1640 336 1906 376 consuetudinis

267 422 389 444 norma
408 409 574 443 videntur
592 407 699 441 fuisse
719 412 929 450 sustentata,
949 408 1023 443 sive
1042 408 1103 442 illa
1121 408 1315 443 communis
1335 407 1492 442 omnium
1511 412 1573 442 aut
1590 408 1782 443 multorum
1799 407 1907 441 fuerit

267 477 342 511 sive
361 475 581 523 singulorum
600 475 810 521 scriptorum
827 475 981 522 propria.
1034 475 1075 509 In
1095 480 1244 521 utroque
1262 488 1347 510 vero
1365 486 1493 522 genere
1511 479 1583 508 tam
1601 480 1686 509 vett.
1706 474 1907 522 grammati-

268 556 388 578 corum
406 542 608 576 testimonia
627 554 733 588 quam
752 541 850 577 codd.
870 542 1082 589 optimorum
1103 542 1269 589 suffragia
1287 540 1516 588 respectanda
1533 541 1716 584 duximus,
1739 541 1814 575 sine
1833 540 1906 586 qui-

267 610 333 644 bus
352 609 496 645 omnino
514 608 742 643 metuendum
762 614 815 643 est
832 621 876 643 ne
894 609 998 656 plane
1016 608 1115 644 dubii
1134 614 1169 643 et
1187 609 1323 643 consilii
1342 608 1463 654 inopes
1482 608 1716 643 haereremus.

366 676 411 710 Et
434 676 479 710 ad
500 676 589 711 illud
611 675 753 722 quidem
774 688 886 723 genus
908 676 1063 723 primum
1084 675 1267 710 referenda
1288 675 1430 710 videtur
1456 674 1630 721 scriptura
1654 675 1907 710 vocabulorum

266 744 309 779 ab
328 744 447 778 littera
465 751 486 771 Γ)
505 743 731 785 ordientium,
760 755 866 789 quam
888 743 1041 777 litteram
1064 743 1124 789 qui
1147 743 1190 776 ab
1213 742 1340 776 Atticis
1363 747 1510 776 narrant
1531 742 1569 776 in
1593 740 1610 779 ξ
1629 742 1738 777 fuisse
1757 754 1907 777 commu-

267 816 389 853 tatam,
420 811 443 844 ii
468 814 559 844 certe
582 810 672 844 nihil
694 810 791 844 aliud
812 810 980 845 videntur
1001 809 1170 852 voluisse,
1200 822 1305 856 quam
1323 809 1459 843 Atticos
1478 808 1544 842 hac
1562 821 1644 843 usos
1663 821 1737 843 esse
1755 809 1906 852 licentia,

268 884 305 913 ut
325 877 495 912 eiusmodi
515 877 687 912 vocabula
706 877 811 911 etiam
829 889 891 924 per
909 877 1063 911 litteram
1083 874 1099 914 ξ
1115 877 1290 911 efferrent.
1332 876 1434 911 Certe
1453 875 1594 922 quidem
1612 876 1707 922 apud
1724 875 1906 911 Platonem

267 945 451 990 utriusque
483 944 676 991 scripturae
708 944 929 991 promiscuus
960 956 1045 978 usus
1073 948 1139 985 est,
1168 948 1207 977 ut
1233 943 1405 990 optimum
1432 942 1596 977 videatur
1622 942 1687 977 hac
1715 943 1752 977 in
1780 955 1818 977 re
1844 955 1908 989 per

268 1012 386 1047 omnia
404 1011 588 1046 meliorum
608 1011 793 1053 librorum,
821 1011 982 1058 inprimis
1002 1010 1213 1045 Clarkiani
1241 1023 1267 1044 s.
1295 1009 1509 1045 Bodleiani
1532 1014 1637 1055 atque
1659 1009 1785 1044 Paris.
1807 1009 1850 1044 A.
1874 1014 1909 1044 et

267 1079 296 1113 si
315 1079 375 1125 qui
394 1084 477 1113 sunt
496 1078 581 1125 ipsis
601 1078 813 1121 consimiles,
841 1078 1082 1125 obtemperare
1109 1077 1321 1112 auctoritati.
1375 1075 1478 1120 Quod
1496 1076 1653 1123 quidem,
1681 1081 1852 1123 quant-um
1872 1077 1908 1111 in

267 1146 368 1181 nobis
391 1146 472 1190 fuit,
493 1145 541 1181 ita
559 1146 672 1182 facere
692 1145 807 1182 conati
826 1158 958 1182 sumus.

369 1214 420 1250 Ac
438 1214 562 1249 similis
581 1215 671 1249 ratio
690 1214 827 1250 obtinet
845 1215 951 1250 etiam
969 1215 1006 1250 in
1026 1226 1093 1250 usu
1112 1203 1229 1249 hiatus
1248 1217 1283 1249 et
1299 1211 1466 1248 elisionis·
1521 1210 1588 1257 Qui
1613 1212 1708 1261 apud
1726 1212 1908 1248 Platonem

268 1282 410 1329 quidem
436 1282 578 1316 incertis
605 1282 710 1329 plane
736 1287 887 1330 vagatur
914 1282 1055 1317 finibus.
1108 1281 1198 1318 Nam
1224 1294 1267 1316 ne
1295 1282 1373 1328 quis
1400 1286 1502 1328 putet
1523 1281 1772 1328 philosophum
1793 1281 1830 1316 in
1849 1281 1909 1316 illo

268 1350 421 1397 regendo
444 1349 646 1384 adhibuisse
669 1349 818 1384 similem
840 1349 1017 1396 quandam
1041 1349 1239 1384 cautionem
1261 1354 1366 1395 atque
1388 1348 1575 1383 Isocratem
1598 1361 1785 1395 usurpasse
1809 1348 1909 1383 novi-

269 1430 358 1459 mus,
374 1416 496 1451 audias
509 1416 758 1452 Ciceronem
769 1415 909 1452 Orator.
930 1429 957 1451 c.
979 1419 1036 1451 44.
1057 1414 1178 1461 §.150
1198 1429 1266 1462 sq.:
1295 1414 1409 1458 Quod
1428 1415 1588 1461 quidem
1606 1415 1748 1463 lingua
1763 1414 1910 1450 Latina

268 1485 325 1519 sic
352 1484 557 1526 observat,
584 1496 700 1519 nemo
727 1489 771 1519 ut
796 1489 877 1519 tam
903 1484 1085 1518 rusticus
1113 1483 1180 1526 sit,
1208 1483 1306 1529 quin
1333 1483 1494 1518 vocales
1520 1483 1625 1517 nolit
1651 1483 1907 1531 coniungere.

267 1551 311 1585 In
347 1563 425 1597 quo
459 1550 622 1597 quidam
658 1551 780 1586 etiam
816 1550 1119 1598 Theopompum
1154 1550 1476 1597 reprehendunt,
1512 1550 1618 1597 quod
1649 1562 1715 1585 eas
1747 1550 1909 1585 litteras

267 1623 382 1653 tanto
408 1629 528 1665 opere
554 1618 722 1666 fugerit,
756 1618 832 1653 etsi
866 1618 969 1653 idem
1001 1618 1196 1666 magister
1228 1618 1315 1653 eius
1342 1617 1556 1660 Isocrates3
1584 1623 1625 1652 at
1650 1630 1730 1653 non
1755 1616 1909 1665 Thucy·

267 1685 395 1728 dides3
423 1697 472 1719 ne
498 1685 569 1720 ille
596 1685 758 1732 quidem
784 1685 892 1720 haud
918 1685 1057 1733 paullo
1083 1685 1211 1720 maior
1238 1685 1429 1732 scriptor,
1456 1685 1586 1728 Plato,
1613 1697 1686 1720 nec
1712 1685 1842 1720 solum
1868 1684 1908 1719 in

267 1752 330 1787 his
366 1752 637 1795 sermonibus,
673 1752 742 1799 qui
778 1752 932 1801 dialogi
968 1752 1175 1795 dicunt-ur,
1212 1753 1280 1787 ubi
1317 1752 1437 1787 etiam
1472 1752 1519 1787 de
1554 1751 1761 1787 industria
1787 1751 1827 1786 id
1852 1752 1908 1786 fa-

267 1819 454 1854 ciendum
488 1819 582 1862 fuit,
618 1819 687 1853 sed
713 1819 755 1853 in
786 1820 977 1867 populari
1010 1820 1210 1863 oratione,
1247 1832 1325 1866 qua
1350 1831 1434 1854 mos
1461 1824 1523 1854 est
1547 1818 1722 1854 Athenis
1748 1819 1908 1854 laudari

267 1886 307 1921 in
344 1886 536 1921 concione
572 1898 654 1929 eos,
690 1886 759 1932 qui
789 1887 872 1921 sint
899 1887 1070 1933 proeliis
1098 1887 1324 1921 interfecti:
1354 1911 1402 1915 ——
1430 1886 1471 1921 in
1500 1899 1545 1921 ea
1572 1891 1633 1921 est
1661 1886 1803 1921 crebra
1828 1886 1908 1921 ista

267 1965 410 1988 vocum
446 1953 675 1995 concursio,
711 1965 830 1999 quam
859 1966 1003 2002 magna
1031 1966 1080 1988 ex
1107 1958 1221 2001 parte
1249 1958 1293 1988 ut
1319 1953 1512 1989 vitiosam
1538 1953 1646 2001 fugit
1671 1952 1907 1988 Demosthe-

266 2032 345 2054 nes.
400 2018 503 2062 Quod
525 2020 667 2066 quidem
688 2021 930 2055 testimonium
952 2021 1130 2056 Ciceronis
1148 2021 1351 2068 planissime
1370 2021 1597 2056 confirmatur
1616 2020 1775 2056 codicum
1792 2019 1907 2055 adhuc

266 2087 495 2133 superstitum
514 2087 736 2130 auctoritate,
759 2088 888 2135 quippe
907 2089 943 2123 in
963 2089 1091 2135 quibus
1110 2089 1176 2123 hoc
1195 2088 1231 2123 in
1249 2100 1377 2136 genere
1395 2093 1495 2122 tanta
1512 2093 1637 2136 regnat
1654 2087 1837 2123 varietatis
1856 2087 1906 2122 in-

265 2154 476 2196 constantia,
504 2158 543 2188 ut
569 2154 716 2189 rationis
743 2155 886 2201 quidem
912 2167 977 2201 ope
1005 2160 1135 2190 certam
1161 2155 1335 2190 scribendi
1363 2155 1474 2202 legem
1496 2160 1601 2201 atque
1623 2167 1782 2190 normam
1802 2167 1907 2190 nemo

266 2221 451 2267 quisquam
471 2233 626 2267 unquam
646 2221 858 2257 inventurus
879 2222 1050 2257 videatur.
1099 2222 1222 2269 Itaque
1242 2223 1276 2256 in
1296 2222 1351 2257 his
1370 2235 1509 2268 quoque
1528 2222 1699 2269 optimum
1718 2222 1836 2258 visum
1854 2227 1907 2257 est

265 2288 647 2335 praestantissimorum
676 2289 835 2323 codicum
864 2290 1105 2336 obtemperare
1134 2289 1351 2324 auctoritati:
1387 2289 1481 2335 quod
1509 2289 1650 2335 quidem
1679 2289 1840 2337 inprimis
1869 2290 1905 2324 in

264 2355 472 2402 Republica,
502 2354 644 2389 Timaeo
673 2361 778 2401 atque
806 2356 959 2404 Legibus
988 2369 1083 2391 nunc
1111 2356 1189 2391 ideo
1218 2356 1422 2404 diligentius
1451 2356 1638 2391 observare
1666 2357 1769 2392 nobis
1795 2357 1905 2400 licuit,

265 2422 348 2468 quia
370 2422 439 2456 iam
462 2422 515 2456 usi
539 2434 660 2457 sumus
683 2423 962 2471 diligentissimis
984 2424 1028 2458 ad
1050 2423 1114 2458 hos
1136 2424 1244 2458 libros
1267 2423 1394 2457 codicis
1413 2422 1565 2457 Parisini
1584 2423 1627 2458 A.
1647 2424 1904 2468 collationibus,

264 2490 393 2535 quibus
413 2490 470 2525 vel
488 2489 658 2524 eiusmodi
678 2490 859 2533 minutiae,
879 2503 968 2537 quae
987 2490 1163 2531 videntur,
1183 2490 1442 2525 accuratissime
1461 2495 1622 2525 enotatae
1640 2491 1794 2526 fuerunt.
1839 2491 1905 2526 Ita-

263 2569 331 2603 que
361 2557 389 2591 si
418 2556 580 2603 plurimis
609 2556 736 2591 horum
765 2557 984 2604 aliorumque
1014 2558 1185 2592 librorum
1213 2557 1297 2592 locis
1327 2557 1363 2591 in
1392 2557 1523 2592 talibus
1551 2569 1571 2591 a
1596 2558 1719 2592 ceteris
1744 2558 1904 2593 edit-ioni-

264 2624 329 2658 bus
357 2623 594 2666 discessimus,
623 2636 693 2658 non
721 2624 809 2659 illud
836 2630 981 2668 temere,
1011 2625 1071 2659 sed
1097 2624 1311 2671 optimorum
1337 2624 1509 2659 librorum
1536 2625 1745 2660 auctoritate
1772 2625 1904 2660 factum

263 2696 379 2737 putes,
409 2703 621 2737 quamquam
646 2691 679 2725 in
700 2691 861 2738 plurimis
880 2692 1038 2726 Platonis
1057 2692 1194 2738 scriptis
1213 2690 1278 2725 Im.
1298 2691 1507 2726 Bekkerus
1530 2704 1653 2726 verum
1672 2692 1741 2726 iam
1759 2704 1904 2739 occupa-
