1998 3084
637 177 867 204 PLATONlS
908 177 1166 203 POLITICUS.

88 272 135 295 περ
163 257 278 296 ὀιοιιατα
306 256 418 296 ἐρ’ῥήθης
446 257 557 284 Μᾶλλον
583 257 611 284 δέ
634 269 679 293 μοι
706 258 780 295 δεῦρο
808 258 878 285 ἕπου.

89 308 137 329 ΝΕ
157 307 211 328 ΣΩ
222 301 288 352 ⁸115,-
306 305 320 318 *
337 305 381 328 ΞΕ.
401 298 474 336 Τῇδε.
493 302 520 326 εἰ
532 298 567 335 τῴ
585 309 622 329 τις
638 299 690 326 τῶν
712 299 877 349 δημοσιευόῗι-

86 355 137 372 των
155 343 250 380 ἰατρῶν
266 341 354 372 ἱκανὸς
374 339 553 378 ξυμβουλεύειν
574 340 709 369 ἰδιωτεύων
731 340 820 374 αιἠός,
839 339 878 379 ἆρ’

87 384 133 414 οὐκ
161 383 302 422 ἀναγκαῖον
329 381 397 420 αυτῷ
418 381 671 432 ‹⁷¹9⁰91‘7099135‘T'9ffl
696 382 812 421 τοῦνομα
837 383 882 419 τῆς

87 430 172 462 τέχνης
196 424 291 454 ταυτὸν
318 425 382 462 ὅπερ
409 426 428 462 tg‘»
451 424 629 461 συμβουλεύεις
673 431 723 454 NE
742 431 797 454 ΣΩ.
818 427 880 453 Ναί.

86 475 134 498 ΞΕ,
158 470 189 496 Τί
210 466 245 501 δ,-
271 467 337 499 ὅςτις
363 466 524 507 βασιλεύοντι
544 478 631 504 χωρας
653 465 726 505 ἀνδρὶ
746 471 882 506 παραινεῖν

87 510 168 541 δεινὸς
185 509 284 544 ἰδιώτης
301 508 337 537 ὧν
355 507 444 541 αὐτός,
468 507 507 546 ἄρ’
527 508 559 537 οὐ
580 508 699 546 φήσομεν
721 511 785 545 ἔχειν
803 508 882 538 αὐτὸν

86 552 132 588 τὴν
149 551 296 588 ἐπιστήμην,
314 551 345 586 ἣν
363 552 412 579 ἔδει
429 550 475 579 τὸν
493 549 607 588 ἄρχοντα
627 550 706 580 αὐτὸν
723 552 882 588 nemiuem,-

87 601 137 623 NE.
159 599 214 622 ΣΩ.
246 592 372 630 Φήσομεν.
416 598 465 621 ΞΕ,
484 593 558 621 ,Ἀλλὰ
581 593 631 630 μὴν
656 592 673 629 ἤ
696 606 726 632 γε
753 589 882 629 ἆληθινοῦ

88 638 210 674 βασιλέως
226 642 229 656 ¹
247 634 375 672 βασιλική,·
419 641 470 663 NE.
489 640 544 662 ΣΩ.
564 637 628 663 Ναί.
671 640 719 664 ΞΕ.
740 635 841 671 Ταύτην
858 637 885 663 δέ

87 677 102 708 ὅ
120 680 268 715 κεκτημένος
286 676 340 710 οὐκ,
361 676 393 705 α’ν
410 689 437 705 τε
456 676 542 715 ἄρχων
560 676 593 705 α’ν
609 675 630 705 τ’
650 677 787 713 ἲδιωτης“
767 690 802 706 ων
820 690 880 716 τυγ-

85 719 160 757 χάνῃ,
179 719 282 750 πάντως
298 718 365 748 κατά
382 731 412 758 γε
429 719 475 754 τὴν
492 722 581 755 τέχνην
595 717 674 754 αὐτὴν
689 718 848 756 βασιλικὸς
835 732 881 757 ορ-

88 763 145 794 θῶς
165 760 391 799 προςρηθήσεται;
435 767 486 789 NE.
510 767 565 789 ΣΩ.
589 763 697 790 Δίκαιον
717 762 789 800 γοῦν.
834 767 882 790 ΞΕ.

87 805 141 833 Καὶ
157 804 207 852 μὴν
225 803 363 841 οἶκονόμος
379 815 408 842 γε
426 804 470 831 καὶ
487 802 616 839 δεσπότης
630 802 732 833 ταύτόν.
758 810 810 832 NE.
826 809 883 832 ΣΩ.

89 849 120 875 Τι’
125 846 199 895 κμήνς
240 851 288 875 ΞΕ.
308 848 340 874 Τι’
356 847 395 879 δές
411 844 523 884 μεγάλης
541 846 626 893 σχῆμα
645 846 768 895 ρι’κησεως
788 845 804 881 ἢ
823 858 882 883 σμι-

88 889 150 926 κρᾶς
168 889 202 916 αὖ
218 887 318 919 πόλεως
335 887 414 926 ὄγκος
429 888 485 925 μῶν
506 900 530 916 τι
550 889 618 937 πρὸς
640 886 720 925 ἀρχὴν
743 889 883 921 διοίσετονς

88 937 138 959 ΝΕ.
157 936 213 958 ΣΩ.
234 928 320 959 Οὗδέν.
364 935 412 959 ΞΕ.
434 929 540 963 Οὐκοῦν,
560 929 576 958 ὅ
593 931 638 958 νῦν
655 931 684 965 δι’]
704 937 708 951 ¹
728 929 883 959 διεσκοπού-

87 976 169 1011 μεθα,
184 972 299 1010 φανερὸν
313 971 348 1003 ὦς
362 971 488 1009 ἐπιστήμη
501 974 548 1009 μία
563 973 622 1009 περὶ
636 971 711 1000 πάντ
724 973 779 1001 ἐστὶ
792 972 884 1001 ταῦτα.

37 1993 71 2012 260

89 1014 182 1050 ταύτην
197 1015 225 1043 δὲ
239 1017 288 1042 εἴτε
304 1015 436 1051 βασιλικὴν
450 1017 500 1042 εἴτε
511 1014 643 1049 πολιτικὴν
657 1017 707 1043 εἴτε
722 1013 886 1052 οἶκονομικήν

90 1068 126 1089 τις
143 1055 270 1094 ὀνομάζει,
287 1057 366 1093 μηδὲν
384 1054 452 1093 αὐτῷ
471 1055 666 1094 διαφερώμεθα,
709 1063 760 1085 NE.
779 1062 834 1085 ΣΩ.
855 1058 887 1084 Τί

89 1098 153 1138 γάρς
197 1105 238 1126 111.
257 1104 306 1127 ΞΕ.
324 1098 399 1127 Λλλὰ
415 1098 465 1136 μὴν
482 1097 541 1127 τόδε
558 1110 588 1136 γε
607 1098 695 1134 δῆλον,
715 1098 749 1130 ὦς
767 1099 886 1136 βασιλεὺς

92 1141 161 1173 ἅπας
174 1142 250 1179 χερσὶ
271 1141 314 1169 καὶ
336 1140 463 1190 ξύμπαντι
485 1140 520 1178 τῷ
543 1139 644 1177 σώματι
666 1139 748 1189 σμίκρ’
767 1140 832 1169 ἄττα
850 1141 887 1172 εἷς

91 1184 120 1212 τὸ
143 1186 256 1219 κατέχειν
282 1182 328 1218 τὴν
354 1181 435 1220 ἀρχὴν
456 1181 563 1211 δύναται
584 1183 650 1219 πρὸς
672 1183 717 1219 τὴν
738 1183 782 1219 τῆς
803 1183 887 1220 ψυχῆς

93 1238 194 1255 οννεσιν
214 1226 258 1253 καὶ
280 1224 372 1263 ῥωμην.
416 1231 467 1253 ΝΕ
489 1231 545 1253 ΣΩ.
569 1226 660 1261 Δῆλον
708 1231 756 1254 ΞΕ.
780 1226 830 1261 Τῆς
857 1226 886 1260 δὴ

91 1268 230 1307 γνωστικῆς
250 1268 349 1304 μᾶλλον
371 1266 386 1303 ἢ
408 1268 452 1303 τῆς
471 1268 656 1305 χειροτεχνικῆς
673 1269 716 1295 καῖ
734 1267 799 1299 ὅλως
815 1281 884 1305 πρα-

92 1311 174 1346 κτικῆς
196 1310 281 1347 βούλει
302 1309 348 1338 τὸν
370 1311 476 1346 βασιλέα
498 1311 586 1360 φῶμεν
609 1316 612 1330 ¹
637 1309 792 1347 οἷκειότερον
809 1315 886 1343 εὶνςαι

92 1359 142 1381 ΝΕ.
161 1358 215 1380 ΣΩ.
235 1354 267 1380 Τί
281 1351 343 1389 μήνς
387 1357 435 1380 ΞΕ.
455 1352 506 1387 Τὴν
526 1352 576 1389 ἄρα
598 1352 729 1388 πολιτικὴν
750 1354 794 1380 καὶ
810 1355 885 1381 πολι-

92 1395 161 1423 τικὸν
187 1395 231 1422 καὶ
257 1394 390 1431 βασιλικὴν
415 1395 458 1422 καὶ
480 1377 612 1431 βασιλικὸν
633 1394 670 1426 εἷς
690 1393 787 1423 ταύτὸν
808 1406 842 1426 ως
863 1395 889 1423 ἓν

93 1436 178 1465 πάντα
203 1436 286 1465 ταῦτα
312 1435 492 1474 ξυνθήσομεν,·
540 1443 590 1464 ΝΕ,
618 1442 674 1465 ΣΩ.
703 1438 795 1473 Δῆλον,
839 1442 887 1465 ΞΕ.

96 1478 193 1508 Οὐκοῦν
209 1477 380 1516 πορευοίμεθ’
401 1478 432 1506 ἄν
450 1479 517 1514 ἑξῆς,
536 1479 558 1507 εἰ
575 1479 640 1516 μετὰ
658 1479 740 1508 ταῦτα
758 1479 803 1515 τὴν
819 1491 886 1517 γνω-

95 1521 180 1557 στικὴν
197 1522 388 1559 διοριζοίμεθας
421 1527 471 1548 ΝΕ.
491 1526 546 1548 ΣΩ.
564 1522 643 1549 Πάνυ
659 1533 696 1560 γε.
732 1527 779 1550 ΞΕ.
797 1521 887 1559 Πρός-

94 1576 134 1600 εχε
151 1563 182 1599 δὴ
198 1563 244 1592 τὸν
261 1563 334 1596 νοῦν,
359 1562 390 1591 ἂν
408 1562 459 1600 ἄρα
478 1567 504 1591 ἐν
522 1562 586 1600 αὐτῇ
605 1576 661 1592 τινα
680 1564 789 1600 διαφυὴν
806 1577 886 1592 κατα-

94 1618 233 1656 νοησωμεν
276 1611 327 1634 NE.
347 1611 402 1633 ΣΩ.
414 1605 508 1657 3'11190258
519 1607 604 1634 ποίαν.
641 1611 688 1634 ΞΕ.
707 1606 822 1635 Τοιάνδε.
841 1609 886 1635 λο-

93 1647 192 1688 γωτική
208 1647 262 1677 πού
278 1659 316 1679 τις
332 1647 392 1685 ἡμῖν
408 1648 439 1683 ἦν
458 1655 461 1668 ¹
481 1650 560 1683 τέχνη.
596 1654 646 1676 ΝΕ.
665 1654 720 1676 ΣΩ
742 1651 804 1676 Ναί.
840 1654 888 1677 ΞΕ.

96 1691 152 1719 Τῶν
171 1690 318 1730 γνωστικῶν
337 1702 379 1729 γε,
408 1688 490 1727 οἶμαι,
516 1703 670 1719 πανταπασι
692 1692 793 1726 τεχνῶν.
838 1697 888 1719 ΝΕ.

95 1738 149 1762 ΣΩ.
166 1733 230 1764 Πῶς
251 1732 275 1761 ὅ
296 1731 340 1766 οὖ,-
384 1738 431 1761 ΞΕ.
454 1732 558 1770 Γνούση
585 1734 612 1761 δε
638 1733 770 1772 λογιστικῇ
798 1733 843 1769 τὴν
865 1737 890 1761 ἐν

95 1778 149 1807 τοῖς
166 1773 292 1813 ἇριθμοῖς
309 1775 439 1812 διαφορὰν
454 1774 510 1812 μῶν
531 1787 554 1803 τι
576 1778 655 1804 πλέον
679 1777 756 1825 ἔργον
772 1775 890 1813 δωσομεν

94 1816 111 1854 ἦ
123 1817 156 1846 τὰ
169 1820 324 1856 γνωσθέντα
339 1821 436 1855 κρῖναι,·
479 1823 530 1845 ΝΕ.
549 1823 605 1845 ΣΩ
622 1819 654 1845 Τι’
665 1817 727 1855 μήν,·
772 1823 819 1846 ΞΕ.
835 1819 890 1846 Καὶ

94 1859 145 1899 γάρ
153 1859 314 1910 ’.ἀρχιτέκτων
330 1871 360 1898 γε
377 1859 430 1891 πᾶς
447 1857 493 1888 ούκ
512 1858 590 1891 αὐτὸς
609 1859 748 1898 ἕργατικός,
766 1859 829 1887 ἀλλὰ
847 1864 887 1898 ἐρ-

94 1901 181 1941 γατῶν
197 1901 290 1940 ἄρχων.
334 1908 384 1930 ΝΕ.
403 1907 459 1930 ΣΩ.
480 1904 543 1930 Ναί.
587 1908 635 1930 ΞΕ.
653 1901 840 1940 Παρεχόμενός
860 1905 891 1941 γε’

95 1956 148 1973 που
171 1944 278 1983 γνῶσιν,
307 1942 359 1972 ἀλλ’
383 1956 416 1973 ου
439 1946 610 1982 χειροτργίαι.
654 1950 705 1972 ΝΕ.
729 1950 783 1972 ΣΩ.
809 1944 888 1973 Οὕτω.

96 1991 144 2016 ΞΕ.
163 1988 273 2018 Δικαίως
294 1986 325 2022 δὴ
344 1990 457 2024 μετέχειν
475 1990 488 2004 *
507 1985 538 2015 ἄν
560 1989 660 2025 λέγοιτο
684 1987 729 2022 τῆς
749 1987 890 2025 γνωστικῆς

97 2028 239 2066 ἐπιστήμης.
282 2035 334 2057 NE.
351 2034 407 2057 ΣΩ.
429 2027 507 2057 Πάνυ
532 2041 570 2067 γε.
614 2034 662 2057 ΞΕ.
683 2028 772 2066 Τούτῳ
800 2030 827 2057 δέ
851 2041 888 2067 γε,

97 2069 178 2108 οἶμαι,
199 2070 319 2109 προςήκει
340 2073 453 2109 κρίναντι
469 2071 504 2108 μὴ
521 2074 594 2102 τέλος
611 2072 675 2106 ἔχειν
691 2070 751 2109 μηδ’
773 2070 888 2106 ἀπηλλά-

94 2117 171 2166 χθαι,
189 2112 314 2151 καθάπερ
333 2112 346 2142 ὁ
365 2113 486 2152 λογιστὴς
504 2111 660 2149 ἀπήλλακτο,
678 2113 846 2151 προςταττειν
864 2115 890 2141 δὲ

97 2155 214 2187 ἑκάστοις
231 2155 281 2184 τῶν
299 2156 413 2194 ἐργατῶν
430 2155 460 2184 τό
475 2167 504 2194 γε
522 2155 680 2194 πρόςφορον,
697 2156 743 2187 ἕως
758 2155 790 2184 ἄν
808 2154 888 2193 ἄπερ-

96 2209 228 2236 γασωνται
250 2197 280 2226 τὸ
306 2200 481 2235 προςταχθέν.
528 2204 580 2226 ΝΕ.
607 2203 662 2226 ΣΩ.
688 2196 798 2235 Ορθῶς.
842 2204 889 2227 ΞΕ.

100 2238 198 2268 Οὐκοῦν
221 2241 361 2278 γνωστικαὶ
380 2243 427 2277 μὲν
450 2253 476 2268 αι
496 2252 524 2268 τε
546 2252 665 2269 remmon
687 2240 822 2278 ξύμπασαι
849 2241 891 2268 καὶ

98 2280 196 2310 ὁπόσαι
212 2285 364 2314 ξυνέπονται
380 2282 412 2319 τῇ
433 2282 573 2320 λογιοτικῇ,
591 2285 673 2333 κρίσει
695 2284 722 2311 δὲ
739 2296 783 2311 και
801 2282 889 2311 ἐπιτά-

98 2327 134 2356 ξει
152 2330 156 2346 ¹
176 2325 326 2362 διαφέρετον
344 2323 466 2374 ἀλλήλοιν.
478 2323 562 2353 τούτω
586 2325 621 2353 τώ
638 2327 720 2363 γένεε,·
764 2331 816 2353 ΝΕ
835 2331 890 2353 ΣΩ.

101 2368 259 2395 Φαίνεσθον.
303 2372 351 2396 ΞΕ.
369 2365 417 2404 Ἀρ
435 2379 481 2395 ουν
499 2378 637 2403 συμπασης
654 2367 698 2402 τῆς
713 2368 855 2406 γνωστικῆς
869 2379 891 2395 ει

98 2408 128 2437 τὸ
144 2411 191 2446 μὲν
208 2408 369 2437 ἐπιτακτικὸν
384 2411 473 2458 μέρος,
495 2408 525 2437 τὸ
545 2410 571 2437 δὲ
589 2410 700 2446 κριτικὸν
718 2410 891 2447 διαιρούμενοι

98 2452 288 2499 προςείποιμεν,
316 2452 427 2488 ἐμμελῶς
453 2463 485 2479 αν
510 2454 606 2488 φαῖμεν
633 2452 790 2488 διῃρῆσθαις
841 2458 891 2480 ΝΕ

98 2498 152 2521 ΣΩ.
170 2493 248 2521 Karai
268 2505 298 2531 γε
320 2492 366 2529 τὴν
388 2492 448 2530 ἐμὴν
470 2492 557 2525 δόξαν.
601 2499 648 2520 ΞΕ.
666 2493 741 2522 Ἀλλὰ
761 2494 812 2532 μὴν
837 2497 892 2525 τοῖς

97 2547 127 2573 γε
144 2534 215 2572 κοινῇ
232 2547 257 2563 τι
270 2534 431 2572 πράττουσιν
446 2534 582 2573 ἀγαπητὸν
598 2534 724 2572 ὁμονοεῖν.
768 2543 819 2564 ΝΕ.
835 2542 890 2564 ΣΩ.

98 2577 161 2608 Πῶς
181 2575 205 2604 δ’
225 2576 270 2610 οὓς
313 2582 361 2606 ΞΕ.
381 2576 483 2606 Τούτου
509 2579 594 2605 τοίνυν
618 2580 740 2616 μέχριπερ
763 2577 795 2607 ἄν
817 2577 891 2607 αὐτοὶ

98 2618 263 2656 κοινωνῶμεν,
282 2622 370 2647 ἐατέον
387 2618 419 2647 τά
436 2631 466 2658 γε
486 2619 535 2648 τῶν
557 2618 639 2647 ἄλλων
661 2620 814 2657 δοξασματα
831 2622 889 2656 χαί-

98 2673 156 2698 ρειν.
199 2666 250 2688 ΝΕ.
269 2666 324 2689 ΣΩ.
343 2663 376 2689 Τι’
393 2659 455 2698 μῆν;
500 2667 540 2688 IV.
559 2667 605 2690 ΞΕ.
626 2667 630 2681 ¹
653 2665 716 2699 Φέρε
732 2662 769 2698 δή,
785 2662 892 2691 ταύταιν

98 2705 157 2744 ⁷3²?
178 2704 277 2738 τέχναιν
297 2701 356 2740 ἡμῖν
376 2703 424 2732 τὸν
449 2703 582 2740 βασιλικὸν
608 2708 633 2731 ἐν
658 2707 756 2743 ποτέρᾳ
784 2708 890 2738 θετέονς

1676 174 1726 200 267

932 252 970 293 ἆρ’
991 260 1017 284 ἐν
1038 257 1069 293 τῇ
1092 256 1200 294 κριτικῇ,
1227 255 1353 293 καθάπερ
1375 254 1431 283 τινα
1454 253 1567 289 θεατῆνς
1593 253 1608 288 ἦ
1629 253 1728 290 μᾶλλον

931 299 975 334 τῆς
993 298 1152 334 ἐπιτακτικῆς
1173 297 1207 330 ὦς
1229 297 1292 326 ὄντα
1315 296 1395 325 αὐτὸν
1415 299 1502 332 τέχνης
1523 295 1656 333 θήσομεν,
1684 296 1724 323 δε-

932 340 1064 373 σπόζοντα
1085 353 1128 379 γες
1172 346 1222 368 NE.
1241 346 1296 368 ΣΩ.
1315 341 1379 371 Πῶς
1399 339 1450 377 γὰρ
1473 337 1504 367 ού
1523 338 1634 375 ⁴minent,-
1678 341 1726 365 ΞΕ.

934 383 985 419 Τὴν
1011 382 1172 417 ἐπιτακτικὴν
1198 382 1227 417 δὴ
1254 384 1342 417 τέχνην
1363 381 1441 409 πάλιν
1463 380 1494 408 (ἲν
1515 384 1553 415 εἴη
1575 382 1690 408 θεατέον
1706 381 1731 407 εἶ’

932 438 969 462 πῃ
988 426 1108 460 διέστηκε.
1136 426 1179 452 καί
1198 436 1244 461 μοι
1266 425 1337 452 δοκεῖ
1358 423 1418 461 τῇδέ
1433 436 1483 460 πῃ,
1502 421 1627 459 καθάπερ
1644 420 1661 457 ἦ
1678 421 1728 449 τῶν

932 467 1053 502 καπήλων
1075 469 1147 502 τέχνη
1169 467 1213 502 τῆς
1233 465 1284 494 τῶν
1306 464 1463 493 αὖτοπωλῶν
1484 463 1616 502 διώρισται
1633 466 1727 499 τέχνης,

933 511 976 538 καὶ
993 509 1023 538 τὸ
1044 515 1047 529 ¹
1068 508 1201 545 βασιλικὸν
1217 510 1291 546 γένος
1309 509 1389 536 ἔοικεν
1408 505 1460 535 ἀπὸ
1484 507 1530 535 τοῦ
1548 507 1598 535 τῶν
1615 504 1729 543 κηρύκων

932 554 1022 590 γένους
1040 549 1202 588 ἆφωρίσθαι.
1246 555 1297 577 ΝΕ.
1316 555 1371 577 ΣΩ
1390 549 1465 582 Πῶς,·
1500 554 1547 576 ΞΕ.
1563 549 1728 583 Πωληθὲντα

933 606 986 622 που
1003 592 1132 630 πρότερον
1154 593 1216 630 ἔργα
1239 589 1360 629 ἀλλότρια
1382 590 1589 628 παραδεχόμενοι
1611 589 1730 630 δεύτερον

933 635 1050 663 πωλοῦσι
1067 634 1145 662 πάλιν
1163 635 1188 662 οἶ
1206 633 1324 668 καπηλοι.
1368 639 1419 661 NE.
1443 638 1498 660 ΣΩ.
1517 631 1595 660 Πανυ
1611 635 1658 669 μὲν
1676 644 1728 660 ουν.

934 684 981 705 ΞΕ.
1003 675 1103 705 Ουκοῦν
1125 677 1169 703 καὶ
1190 675 1219 704 τὸ
1243 674 1377 713 κηρυκικὸν
1398 675 1480 711 φῦλον
1503 677 1646 710 ἐπιταχθέν
1666 672 1728 702 ταλ-

933 718 1023 757 λοτρια
1041 717 1159 756 νοήματα
1176 717 1390 755 παραδεχόμενον
1408 715 1472 745 αὐτὸ
1491 716 1610 754 δεύτερον
1625 715 1728 744 ἐπιτάτ-

933 773 970 790 τει
995 760 1074 789 παλιν
1100 762 1201 798 ἕτεροις.
1245 765 1297 787 NE.
1323 765 1378 787 ΣΩ.
1401 761 1589 794 Αληθέστατα.
1632 763 1680 787 ΞΕ.
1701 759 1732 785 Τι’

935 804 994 837 οὖν,·
1012 803 1048 834 εἷς
1066 801 1161 831 ταύτὸν
1177 804 1284 839 μίξομεν
1301 800 1434 854 βασιλικὴν
1451 800 1621 838 ἑρμηνευτικῇ,
1644 802 1728 828 κελευ-

935 846 1017 883 στικῇ,
1035 845 1151 882 μαντικῇ,
1172 851 1176 865 ¹
1195 843 1314 881 κηρυκικῇ
1331 844 1375 871 καὶ
1391 845 1500 874 πολλαῖς
1521 845 1617 891 ἑτέραις
1634 841 1732 870 τούτων

934 891 1034 924 τέχναις
1051 889 1208 925 συγγενέσιν,
1225 899 1251 914 αι
1267 885 1400 923 ξύμπασαι
1414 885 1445 913 τό
1459 883 1481 923 γ’
1500 884 1641 913 ἐπιτάττειν
1656 885 1729 919 ἔχου-

936 943 990 964 σιν;
1008 929 1023 966 ἢ
1042 929 1138 967 βούλει,
1157 928 1283 966 καθαπερ
1301 927 1433 965 εἷκιὶζομεν
1450 927 1494 955 νῦν
1512 926 1554 962 δή,
1577 927 1621 954 καὶ
1638 926 1730 954 τοῦνο-

936 985 973 1010 μα
999 983 1210 1022 παρεικασωμεν,
1242 970 1327 1005 ἐπειδὴ
1353 983 1397 998 και
1423 969 1516 1005 σχεδὸν
1543 967 1676 1005 ἆνωνυμον
1702 980 1733 996 ον

936 1026 1055 1053 τυγχανει
1073 1014 1102 1042 τὸ
1121 1014 1172 1041 τῶν
1194 1011 1385 1041 αὗτεπιτακτῶν
1405 1014 1490 1050 γένος,
1509 1012 1552 1039 καὶ
1569 1010 1650 1047 ταύτῃ
1667 1011 1732 1038 ταῦ-

936 1070 968 1086 τα
987 1055 1143 1093 διελώμεθα,
1161 1055 1191 1084 τὸ
1209 1057 1256 1092 μὲν
1273 1055 1324 1083 τῶν
1341 1055 1465 1091 βασιλέων
1481 1056 1555 1092 γένος
1572 1054 1608 1084 εἷς
1621 1053 1666 1088 τὴν
1685 1051 1732 1081 αὗ-

937 1098 1122 1150 τεπιτακτικὴν
1136 1100 1238 1129 θέντες,
1261 1097 1308 1126 τοῦ
1330 1097 1357 1125 δέ
1376 1095 1454 1125 α’λλου
1471 1095 1570 1127 παντὸς
1587 1094 1731 1132 ἀμελήσαν-

937 1153 984 1174 τες,
1005 1140 1088 1177 ὄνομα
1107 1141 1194 1177 ἕτερον
1212 1138 1300 1171 αὐτοῖς
1316 1137 1552 1177 παραχωρήσαντες
1570 1141 1677 1166 θέσθαι
1694 1149 1732 1165 τι-

938 1183 983 1217 mi,-
1006 1184 1053 1211 τοῦ
1070 1195 1122 1221 γαρ
1142 1181 1268 1219 α’ρχοντος
1291 1182 1361 1210 ἕνεκα
1379 1180 1439 1218 ἡμῖν
1456 1180 1471 1216 ἧ
1487 1181 1606 1221 μέθοδος
1622 1180 1659 1215 ἦν,
1680 1177 1731 1206 αλλ

939 1224 996 1261 οὗχι
1013 1225 1060 1254 τοῦ
1079 1229 1092 1243 *
1110 1226 1232 1253 ἐναντίου.
1260 1229 1311 1252 NE.
1329 1229 1385 1251 ΣΩ.
1403 1222 1482 1251 Πανυ
1498 1225 1544 1260 μὲν
1560 1223 1613 1251 οὖν.
1641 1228 1670 1249 V.
1686 1227 1733 1249 ΞΕ.

941 1267 1041 1297 Ουκοῦν
1063 1267 1148 1302 ἐπειδὴ
1169 1267 1247 1294 τοῦτο
1268 1268 1376 1316 μετρίως
1397 1264 1540 1301 ἀφέστηκεν
1562 1263 1604 1292 ἀπ’
1627 1265 1733 1313 ἐκείνων,

940 1309 1116 1347 ἀλλοτριότητι
1138 1310 1275 1346 διορισθέν
1296 1308 1364 1346 πρὸς
1385 1306 1542 1343 οἰκειότητα,
1569 1306 1648 1335 τοῦτο
1671 1304 1734 1334 αὐτὸ

938 1352 1016 1380 παλιν
1034 1364 1066 1380 αυ
1085 1353 1190 1389 διαιρεῖν
1208 1349 1362 1390 αναγκαῖον,
1381 1353 1408 1378 εἰ
1419 1363 1476 1379 τινα
1494 1349 1574 1387 τομὴν
1592 1350 1627 1377 ἔτι
1647 1351 1736 1385 ἔχομεν

1295 1399 1346 1421 NE.
1365 1398 1421 1421 ΣΩ.
1439 1392 1518 1420 Πάνυ
1533 1404 1571 1430 γε.
1615 1396 1662 1419 ΞΕ.
1680 1391 1736 1418 Καὶ

938 1438 988 1475 μὴν
1013 1436 1168 1474 φαινόμεθα
1197 1437 1271 1471 ἔχειν·
1309 1433 1361 1463 αλλ
1391 1435 1580 1463 ἐπακολουθῶν
1606 1434 1735 1470 σύντεμνε.

940 1486 990 1508 ΝΕ.
1018 1485 1073 1507 ΣΩ.
1096 1479 1155 1516 Πῇ;
1199 1483 1246 1506 Ξ.Ε
1269 1477 1379 1509 Παντας
1405 1476 1523 1508 ὁπόσους
1550 1475 1581 1504 ἂν
1609 1475 1737 1525 ἄρχοντας

940 1522 1122 1558 διαιοηθῶμεν
1137 1519 1249 1552 ἐπιτάξει
1263 1522 1480 1557 προςχρωμένους,
1501 1517 1539 1557 αρ’
1560 1517 1608 1554 οὐχ
1625 1517 1735 1555 εἰρήσο-

938 1577 985 1602 μεν
1002 1576 1046 1603 γει
1048 1575 1124 1595 εσεως
1141 1574 1210 1594 τινος
1228 1569 1232 1583 ¹
1253 1563 1324 1591 ἕνεκα
1346 1572 1566 1600 προςταττονταςς
1610 1566 1661 1588 ΝΕ.
1680 1566 1735 1588 ΣΩ.

940 1606 1004 1638 Πῶς
1030 1605 1053 1634 δ
1075 1604 1118 1639 ού,-
1163 1610 1211 1634 ΞΕ
1229 1606 1284 1633 Καὶ
1309 1604 1360 1643 μὴν
1384 1603 1417 1632 τά
1439 1616 1468 1643 γε
1489 1603 1628 1642 γιγνόμενα
1650 1601 1736 1630 πάντα

941 1650 998 1684 δίχα
1017 1649 1147 1700 διαλαβεῖν
1165 1646 1196 1676 ού
1210 1647 1363 1676 παντάπασι
1377 1646 1500 1682 χαλεπόν.
1536 1651 1587 1674 NE
1605 1650 1661 1673 ΣΩ.
1677 1644 1736 1681 Πῇ,

941 1697 989 1719 ΞΕ
1010 1690 1048 1719 Τα
1065 1693 1112 1728 μὲν
1131 1689 1220 1727 α’ψυχα
1240 1688 1324 1718 αὐτῶν
1342 1691 1396 1718 ἐστί
1412 1701 1465 1718 που
1482 1687 1643 1726 ξυμπαιτων,
1662 1687 1694 1715 τὰ
1711 1684 1735 1714 δ

942 1735 1050 1783 εμψυχα.
1095 1738 1146 1761 NE.
1165 1738 1221 1760 ΣΩ.
1242 1734 1305 1760 Ναί.
1349 1736 1397 1759 ΞΕ.
1417 1730 1527 1762 Τούτοις
1548 1731 1575 1758 δέ
1595 1741 1624 1768 γε
1650 1727 1738 1760 αυτοῖς

940 1776 969 1804 τὸ
989 1776 1036 1804 τοῦ
1052 1775 1196 1827 γιωσ-τικοῦ
1217 1777 1296 1811 μέρος
1317 1773 1478 1802 ἐπιτακτικὸν
1496 1773 1534 1805 ὂν,
1552 1775 1623 1823 ειιπερ
1642 1770 1736 1808 βουλό-

939 1822 1014 1856 μεθα
1036 1820 1143 1855 τέμνειι,
1171 1817 1303 1854 τεμοῦμεν.
1351 1822 1402 1844 ΝΕ.
1425 1822 1480 1844 ΣΩ.
1502 1814 1581 1843 Κατὰ
1608 1816 1644 1847 τί,
1689 1818 1736 1841 ΞΕ.

941 1860 977 1889 Τὸ
1000 1863 1047 1897 μὲν
1069 1861 1110 1888 ἐπὶ
1131 1862 1189 1890 ταῖς
1209 1858 1260 1887 τῶν
1282 1857 1390 1897 ἀψύχων
1410 1860 1544 1910 γενέσεσιν
1563 1855 1643 1885 αὐτοῦ
1670 1867 1736 1884 τασ-

941 1913 1038 1935 σοιτες,
1056 1902 1087 1931 τὸ
1106 1900 1130 1929 δ’
1151 1902 1192 1930 ε’πι
1209 1905 1267 1933 ταῖς
1283 1901 1334 1929 τῶν
1352 1900 1479 1938 ἐμψύχων,
1501 1901 1545 1928 καὶ
1564 1906 1567 1920 ¹
1586 1899 1640 1927 πᾶν
1658 1909 1739 1929 ουτως

940 1944 986 1981 ηδη
1006 1943 1164 1982 διαιρήσεται
1179 1945 1245 1979 δίχα,
1288 1949 1339 1971 ΝΕ.
1358 1949 1414 1971 ΣΩ.
1432 1941 1597 1970 Πανταπασί
1612 1952 1649 1980 γε.
1689 1945 1737 1968 ΞΕ.

942 1988 978 2015 Τὸ
1000 1990 1047 2024 μὲν
1068 1989 1154 2015 τοίνυν
1177 1984 1261 2014 αὐτῶν
1280 1987 1477 2023 παραλίπωμεν,
1502 1984 1532 2013 τὸ
1552 1985 1578 2012 δὲ
1601 1981 1736 2019 ἀναλάβω-

940 2041 998 2066 μεν,
1021 2027 1195 2065 ἀναλαβόντες
1217 2029 1243 2056 δὲ
1264 2026 1436 2065 μερισωμεθα
1457 2027 1494 2058 εἰς
1511 2025 1557 2055 δύο
1576 2026 1606 2054 τὸ
1625 2024 1738 2062 σύμπαν.

942 2078 993 2099 ΝΕ.
1011 2077 1067 2099 ΣΩ.
1086 2073 1176 2109 Λὲγεις
1193 2068 1217 2098 δ
1238 2069 1328 2099 αὐτοῖν
1351 2069 1510 2105 αναληπτέον
1531 2067 1595 2097 εἶναι
1613 2067 1738 2105 πότερον,-

942 2120 990 2143 ΞΕ.
1009 2112 1121 2144 Παντως
1138 2125 1191 2141 που
1207 2112 1237 2140 τὸ
1255 2124 1315 2150 περι
1332 2112 1364 2140 τὰ
1383 2112 1433 2145 ζῶα
1452 2109 1620 2140 ἐπιτακτικόν.
1639 2108 1671 2139 οὗ
1687 2109 1739 2148 γὰρ

943 2156 972 2191 δὴ
990 2155 1021 2184 τό
1038 2168 1067 2194 γε
1085 2155 1129 2191 τῆς
1147 2154 1278 2191 βασιλικῆς
1295 2153 1434 2192 ἐπιστήμης
1449 2156 1504 2182 εστὶ
1516 2165 1581 2183 ποτε
1598 2153 1650 2181 τῶν
1668 2150 1737 2189 αψύ-

939 2210 994 2234 χων
1012 2198 1179 2229 ἐπιστατοῦν,
1199 2201 1255 2225 οῖον
1273 2195 1488 2234 ἇρχιτεκτονικόν,
1510 2194 1574 2224 ἄλλα
1591 2193 1737 2234 γενναιότε-

942 2253 996 2278 ρον,
1017 2244 1042 2268 ἐν
1059 2251 1114 2271 τοις
1131 2239 1204 2272 ζωοις
1221 2251 1264 2267 και
1280 2251 1340 2276 περι
1362 2237 1427 2267 αὐτὰ
1445 2238 1528 2267 ταῦτα
1545 2238 1590 2274 τὴν
1609 2244 1613 2258 ¹
1633 2236 1739 2274 δύναμιν

944 2295 984 2311 αει
1005 2285 1163 2319 κεκτημένον.
1207 2287 1258 2309 ΝΕ.
1281 2287 1336 2309 ΣΩ.
1353 2279 1464 2319 Ορθῶς.
1508 2286 1555 2308 ΞΕ.
1576 2279 1674 2318 Τήνγε
1689 2278 1740 2316 μὴν

942 2325 993 2353 τῶν
1011 2324 1079 2358 ζώων
1095 2336 1195 2365 γενεσιν
1212 2324 1255 2351 καὶ
1272 2323 1372 2361 τροφὴν
1388 2322 1434 2359 τὴν
1449 2325 1496 2361 μέν
1512 2334 1550 2354 τις
1568 2334 1601 2350 αν
1618 2322 1668 2350 ἴδοι
1687 2333 1737 2358 μο-

944 2369 1085 2405 νοτροφίαν
1108 2378 1202 2398 ουσαν,
1222 2365 1266 2401 τὴν
1288 2367 1315 2394 δε
1336 2365 1422 2401 κοινὴν
1444 2365 1495 2394 τῶν
1517 2377 1542 2393 εν
1563 2368 1620 2396 ταῖς
1639 2362 1740 2402 αγέλαις

945 2409 1102 2459 θρεμμάτων
1120 2410 1269 2445 ἐπιμέλειαν.
1312 2414 1363 2436 NE.
1382 2413 1436 2436 ΣΩ.
1454 2406 1563 2445 Ὀρθῶς.
1608 2411 1656 2435 Ξ.Ε
1675 2403 1736 2434 AM?

944 2451 975 2480 ού
991 2452 1042 2489 μὴν
1059 2450 1105 2479 τόν
1121 2462 1151 2489 γε
1167 2449 1300 2479 πολιτικὸν
1317 2462 1459 2488 ευρησομεν
1477 2448 1634 2487 ἶδιοτρόφον,
1656 2447 1738 2484 ω’ςπερ

944 2493 1071 2530 βοηλάτην
1093 2492 1107 2528 ἤ
1130 2505 1186 2521 τινα
1213 2491 1372 2527 ἱπποκόμον,
1400 2490 1452 2520 ἀλλ
1472 2490 1629 2528 ἶπποφορβῳ
1651 2501 1679 2518 τε
1696 2490 1740 2517 καὶ

944 2535 1082 2573 βουφορβῷ
1107 2535 1205 2572 μᾶλλον
1230 2533 1408 2573 προςεοικότα.
1458 2540 1508 2562 NE.
1536 2539 1590 2561 ΣΩ.
1617 2532 1741 2560 Φαίνεταί

942 2590 971 2616 γε
990 2577 1019 2613 δὴ
1042 2580 1125 2616 ῥηθὲν
1142 2577 1193 2605 νῦν.
1237 2582 1285 2605 ΞΕ.
1303 2576 1425 2615 Πότερον
1447 2577 1493 2605 οὖν
1515 2576 1558 2612 τῆς
1579 2575 1739 2611 ζωοτροφίας

944 2620 988 2656 τὴν
1007 2626 1010 2641 ¹
1031 2620 1082 2648 τῶν
1100 2618 1250 2656 ξυμπόλλων
1267 2619 1354 2655 κοινὴν
1370 2618 1470 2657 τροφὴν
1489 2617 1706 2656 αγελαιοτροφίαν
1722 2614 1738 2650 ἢ

943 2660 1140 2700 κοινοτροφικῆν
1160 2674 1216 2690 τινα
1237 2660 1413 2699 ὀνομάζωμενς
1458 2667 1507 2688 ΝΕ,
1526 2665 1581 2688 ΣΩ.
1598 2657 1740 2699 Ὁποτερον

944 2717 976 2733 αν
993 2708 1019 2733 ἐν
1036 2704 1071 2742 τῷ
1089 2703 1156 2743 λόγω
1174 2705 1306 2742 ξυμβαίνῃ.
1351 2711 1391 2731 Vl.
1410 2709 1458 2731 ΞΕ.
1477 2703 1570 2733 Καλῶς
1586 2713 1624 2740 γε,
1643 2712 1663 2728 ω
1677 2699 1738 2728 Σω-

1410 2753 1463 2776 34*

938 1407 1096 1423 υπδίκουσαν
1113 1397 1139 1422 ἐν
1156 1406 1251 1430 ‘rovum

1761 1228 1794 1245 261
