1998 3084
167 475 181 492 B

169 1151 184 1168 I)

154 1872 185 1889 :¹81

173 2252 188 2270 B

209 139 258 163 ⁶272<

210 223 264 245 ΣΩ.
293 213 354 250 Τοῖχ’
376 215 406 242 (ἲν
434 217 495 245 ἴσως
519 215 563 250 τῆς
587 227 617 252 γε
643 215 693 242 τῶν
721 217 913 251 ἐμπορευτικῶν.
958 222 1005 243 ΞΕ.

210 256 271 287 ,Ἀλλ’
292 256 323 285 οὐ
343 256 405 293 μήν,
432 256 477 287 οὕς
497 268 527 294 γε
551 256 650 293 ὁρῶμεν
669 256 825 293 μισθωτοὺς
850 258 893 285 καὶ
921 258 1006 293 θῆτας

209 300 291 327 πᾶσιν
317 297 471 335 ἑτοιμότατοι
497 298 700 335 ὑπηρετοῦντας,
725 297 761 335 μή
784 310 848 327 ποτε
876 299 1007 335 βασιλικῆς

208 343 445 378 μεταποιουμένους
462 352 580 378 ευρωμεν.
624 346 675 368 ΝΕ.
694 346 750 368 ΣΩ.
768 341 833 372 Πῶς
849 354 913 379 γαρς
957 347 1005 370 ΞΕ.

211 386 242 411 Τί
259 384 285 411 δὲ
305 382 356 419 ἆρα
374 382 435 413 τοὺς
451 382 484 410 τὰ
502 381 590 410 τοιαδε
609 383 792 414 διακονοῦντας
813 382 872 420 ἡμῖν
894 382 1004 411 ἑκάστο-

209 437 248 457 τε;
292 430 343 452 NE.
362 429 418 452 ΣΩ.
438 424 477 452 Τὰ
495 428 561 452 ποῖα
579 423 648 456 εἶπες
665 425 708 452 καὶ
725 426 807 458 τίνας,
852 430 900 453 ΞΕ.
916 426 962 453 Ὡν
976 424 1006 453 τὸ

210 467 344 503 κηρυκικὸι
367 473 371 486 ¹
396 467 488 499 ἔθνος,
508 466 569 495 ὅσοι
586 478 612 495 τε
631 468 689 504 περὶ
706 479 847 505 γραμματα
866 479 948 503 σοφοι
965 469 1005 505 γί-

209 521 314 548 γνονται
331 507 456 539 πολλάκις
476 507 693 546 ὑπηρετήσαντες,
715 510 759 537 καὶ
776 508 848 537 πόλλ’
869 508 935 538 Ena
954 510 1006 537 ἕτε-

209 564 242 588 ρα
261 552 319 588 περὶ
337 551 384 582 τὰς
402 549 483 588 ἀρχὰς
501 552 690 579 διαπονεῖσθαι
712 554 777 582 τινὲς
798 552 880 587 ἕτεροι
901 551 1006 580 πάνδει-

208 606 260 626 νοι,
283 595 308 621 τί
328 592 436 624 τούτους
459 588 491 620 αὖ
513 595 629 631 λέξομενς
673 599 724 621 NE.
742 599 798 622 ΣΩ.
839 592 916 631 Ὅπερ
938 592 1007 625 εἶπες

209 635 264 668 νῦν,
285 634 425 673 ὑπηρέτας,
449 633 500 663 ἀλλ’
521 634 567 664 οὐκ
590 634 684 667 αὐτοὺς
706 639 732 663 ἐν
754 639 811 667 ταῖς
831 635 939 664 πόλεσιν
957 635 1004 674 ἆρ-

206 688 309 714 χοντας.
353 683 401 705 ΞΕ.
420 676 481 706 ,Ἀλλ’
502 677 533 705 ού
554 676 615 714 μήν,
644 676 717 715 οἶμαί
736 690 778 716 γε,
806 677 923 707 ἐνύπνιον
946 678 1007 706 ἶδών

208 718 283 748 εἷπον
300 718 381 757 ταύτῃ
399 732 436 757 πῃ
454 719 627 756 φανήσεσθαι
645 719 706 751 τοὺς
723 720 896 758 διαφερόντως
912 719 1003 758 ἀμφις-

210 763 351 798 βητοῦντας
376 762 420 797 τῆς
445 763 581 797 πολιτικῆς.
617 764 701 790 καίτοι
727 762 831 800 σφόδρα
853 775 882 801 γε
906 762 1007 791 ἄτοπον

210 804 242 833 ἂν
259 803 324 833 εἶναι
342 804 423 836 δόξειε
440 804 471 832 τὸ
495 807 575 839 ζητεῖν
596 803 705 836 τούτους
724 811 727 825 ¹
747 808 773 832 ἐν
789 803 928 842 ὗπηρετικῇ
945 807 1004 842 μοί-

209 860 241 885 ρᾳ
268 849 323 875 τινί.
367 852 417 874 NE.
445 852 500 874 ΣΩ.
527 846 631 884 Κομιδῇ
656 849 703 883 μὲν
729 842 782 875 οὖν.
826 852 875 875 ΞΕ.
898 846 952 875 Ἔτι
978 847 1007 882 δὴ

209 891 387 926 προςμίξωμεν
409 889 546 927 ἐγγύτερον
568 889 609 917 ἐπὶ
632 889 693 920 τοὺς
713 888 789 926 μήπω
817 889 1005 926 βεβασανισμέ-

210 943 276 962 νους.
303 932 354 959 εἶσὶ
377 932 403 959 δὲ
426 933 453 959 οἵ
472 943 499 959 τε
520 932 580 969 περὶ
600 931 723 968 μαντικὴν
745 932 844 967 ἔχοντές
865 943 933 963 τινος
951 935 1006 960 ἐπι-

211 973 307 1011 στήμης
325 972 446 1001 διακόνου
462 972 566 1011 μόριον·
585 974 734 1011 ἑρμηνευταὶ
750 973 802 1012 γάρ
819 986 873 1002 που
890 976 1006 1011 νομίζον·

210 1029 254 1044 ται
278 1016 351 1054 παρὰ
378 1015 451 1044 θεῶν
478 1014 638 1067 ἀνθρώποις.
686 1022 737 1044 ΝΕ.
764 1021 819 1044 ΣΩ.
848 1018 911 1044 Ναί.
959 1022 1007 1045 ΞΕ.

211 1059 266 1087 Καὶ
281 1058 332 1096 μὴν
348 1071 392 1087 και
413 1057 443 1086 τὸ
466 1058 517 1086 τῶν
539 1059 626 1095 ἱερέων
647 1053 680 1086 αῧ
697 1061 778 1096 γένος,
800 1057 834 1090 ὦς
851 1058 882 1087 τὸ
899 1058 1009 1112 νόμιμόν

211 1113 283 1137 ‹squ-t,
302 1100 374 1138 παρὰ
391 1103 438 1137 μὲν
456 1100 526 1137 ἡμῶν
544 1099 641 1138 δωρεὰς
662 1104 740 1132 θεοῖς
761 1100 802 1128 διὰ
825 1102 929 1129 θυσιῶν
952 1104 1006 1129 ἐπι-

213 1142 311 1180 στῆμόν
330 1148 384 1171 ἐστι
401 1142 467 1170 κατὰ
486 1143 547 1171 νοῦν
565 1144 668 1174 ἐκείνοις
690 1144 847 1180 δωρεῖσθαι,
867 1150 871 1164 ¹
890 1142 963 1181 παρὰ
983 1144 1009 1171 δὲ

214 1188 313 1214 ἐκείιων
329 1184 388 1222 ἡμῖν
406 1184 492 1220 εὐχαῖς
509 1185 598 1221 κτῆσιν
616 1184 730 1223 ἀγαθῶν
748 1185 921 1221 αἶτήσασθαι.
944 1185 1007 1214 ταῦ-

212 1241 245 1256 τα
265 1229 291 1256 δὲ
309 1227 430 1256 διακόνου
448 1230 534 1263 τέχνης
552 1229 607 1255 ἐστι’
622 1239 675 1256 που
690 1226 771 1265 μόρια
790 1226 932 1266 ἀμφότερα.
958 1234 1008 1256 ΝΕ.

213 1276 269 1299 ΣΩ.
292 1272 413 1298 Φαίνεται
430 1270 502 1308 γοῦν.
546 1276 627 1297 XXX.
647 1275 695 1298 ΞΕ.
714 1269 780 1305 Ηδη
798 1272 884 1298 τοίνυν
899 1283 945 1308 μοι
963 1271 1008 1299 δο-

213 1313 307 1349 κοῦμεν
325 1311 382 1341 οἷόν
402 1314 432 1361 γέ
453 1323 522 1343 τινος
544 1315 629 1347 ἴχνους
646 1310 683 1348 ἐφ
704 1311 719 1340 ὅ
737 1312 910 1349 πορευόμεθα
928 1323 1008 1350 προς-

214 1354 358 1383 άπτεσθαι.
385 1354 415 1383 τὸ
437 1354 488 1392 γὰρ
511 1354 541 1389 δὴ
564 1354 613 1382 τῶν
635 1355 721 1392 ιερέων
743 1355 829 1391 σχῆμα
851 1367 895 1382 και
912 1354 941 1383 τὸ
961 1355 1012 1383 τῶν

212 1396 328 1435 μάντεων
354 1409 382 1425 ευ
407 1396 478 1434 μάλα
504 1395 671 1434 φρονήματος
696 1398 840 1434 πληροῦται
866 1398 909 1425 καὶ
932 1396 1009 1429 δόξαν

215 1439 310 1477 σεμνὴν
331 1438 453 1476 λαμβάνει
477 1439 518 1466 διὰ
540 1438 570 1467 τὸ
596 1442 713 1477 μέγεθος
738 1440 789 1467 τῶν
816 1439 1010 1478 ἐγχειρημάτων,

215 1482 275 1514 ὥςτε
297 1483 356 1519 περὶ
376 1484 423 1519 μὲν
440 1484 575 1520 Αἴγυπτον
596 1479 653 1510 οὐδ’
674 1483 756 1513 ἔξεστι
778 1483 884 1518 βασιλέα
904 1483 983 1520 χωρὶς
1007 1488 1010 1501 ¹

215 1525 341 1562 ἱερατικῆς
360 1523 457 1562 ἄρχειν,
482 1521 534 1551 ἀλλ’
554 1523 599 1551 ἐὰν
618 1523 669 1561 α’ρα
691 1525 734 1551 καῖ
756 1523 821 1561 τύχῃ
838 1523 968 1562 πρότερον
986 1527 1012 1556 ἐξ

215 1566 294 1595 ἄλλου
308 1569 398 1605 γένους
416 1565 584 1603 βιασάμενος,
606 1565 716 1604 ὕστερον
735 1565 878 1605 ἀναγκαῖον
895 1567 931 1598 εἷς
948 1567 1009 1595 τοῦ-

214 1622 244 1638 το
263 1610 435 1641 εἷςτελεῖσθαι
454 1607 534 1637 αὐτὸν
551 1608 581 1636 τὸ
599 1612 679 1647 γένος.
699 1610 735 1637 ἔτι
753 1610 780 1637 δὲ
797 1610 841 1637 καὶ
858 1609 909 1638 τῶν
925 1608 1009 1644 ‘El-M}-

214 1665 264 1680 νων
281 1652 415 1687 πολλαχοῦ
437 1655 494 1682 ταῖς
513 1653 647 1689 μεγίσταις
669 1649 761 1689 ἀρχαῖς
783 1651 815 1680 τὰ
832 1654 942 1690 μέγιστα
961 1652 1011 1680 τῶν

214 1695 273 1732 περὶ
294 1694 327 1722 τὰ
349 1694 458 1722 τοιαῦτα
483 1693 591 1731 θύματα
609 1693 680 1731 εὖροι
697 1705 734 1725 τις
752 1693 784 1722 ἄν
801 1693 1011 1732 προςταττόμενα

218 1736 299 1765 θύειν.
325 1737 369 1765 καὶ
391 1736 420 1772 δὴ
439 1737 481 1764 καὶ
502 1734 563 1773 παρ’
583 1734 642 1773 ὑμῖν
664 1734 712 1771 οὐχ
734 1735 826 1772 ἣκιστα
845 1737 922 1772 δῆλον
937 1736 952 1765 ὅ
970 1739 1010 1764 λε’-

214 1790 262 1818 γω’
282 1778 317 1816 τῷ
334 1779 385 1817 γὰρ
401 1778 506 1813 λαχόντι
524 1779 625 1815 βασιλεῖ
645 1780 713 1818 φασὶ
734 1779 794 1815 τῇδε
813 1779 844 1807 τὰ
864 1779 1011 1816 σεμνότατα

215 1823 258 1849 καὶ
277 1821 391 1858 μάλιστα
418 1820 515 1858 πατρια
541 1820 592 1848 τῶν
619 1819 732 1858 ἀρχαίων
754 1822 858 1849 θυσιῶν
881 1820 1009 1850 ἀποδεδό-

216 1867 293 1892 σθαι,
337 1869 388 1891 ΝΕ.
411 1869 467 1891 ΣΩ.
489 1864 545 1891 Καὶ
566 1862 635 1891 πάνυ
655 1875 692 1901 γε.
740 1868 788 1892 ΞΕ.
813 1863 928 1895 Τούτους
950 1876 976 1892 τε
1000 1869 1011 1880 ⁸

214 1908 300 1935 τοίνυν
321 1905 382 1937 τοὺς
403 1905 547 1943 κληρωτοὺς
569 1906 689 1942 βασιλέας
711 1905 765 1942 ἅμα
787 1907 830 1933 καῖ
853 1907 947 1944 ἱερέας,
970 1907 1012 1934 καὶ

213 1948 342 1986 ίιἠτηρέτας
360 1946 444 1976 αὐτῶν
461 1950 505 1975 καί
521 1960 577 1976 τινα
595 1948 681 1985 ἕτερον
699 1947 840 1985 πάμπολυν
858 1947 936 1983 ὄχλον
951 1961 1010 1977 σκε-

213 1994 304 2023 πτέον,
328 1990 357 2022 ὅς
375 1989 432 2028 α’ρτι
450 1990 594 2025 κατάδηλος
610 1990 655 2018 νῦν
676 1989 735 2027 ἡμῖν
756 1993 861 2029 γέγονεν
879 1990 1010 2029 ἀποχωρι-

215 2036 335 2062 σθέντων
351 2033 402 2061 τῶν
425 2034 586 2070 ἔμπροσθεν.
631 2038 680 2060 ΝΕ.
700 2038 755 2060 ΣΩ.
775 2035 852 2065 Τίνας
873 2032 898 2061 δ’
919 2032 1014 2065 αύτούς

215 2077 259 2103 καὶ
275 2078 366 2114 λέγεις;
410 2080 458 2104 ΞΕ.
476 2075 531 2103 Καὶ
547 2074 618 2112 μα’λα
636 2074 707 2106 τινας
722 2073 846 2107 ἀτόπους.
889 2081 939 2104 NE.
956 2081 1011 2104 ΣΩ.

218 2120 249 2146 Τι’
275 2118 317 2153 δής
361 2123 409 2146 ΞΕ.
431 2116 581 2155 Πάμφυλον
602 2130 626 2145 τι
647 2119 722 2155 γένος
744 2116 829 2146 αὐτῶν
850 2118 884 2149 ὥς
904 2130 934 2156 γε
955 2117 1012 2155 ὅτ’ρτι

216 2163 384 2197 σκοπουμένῳ
402 2162 527 2196 φαίνεται.
549 2160 642 2188 πολλοὶ
658 2162 705 2197 μὲν
721 2159 773 2198 γὰρ
791 2163 879 2188 λέουσι
895 2161 947 2188 τῶν
965 2160 1010 2188 ἇν-

216 2203 282 2241 δρῶν
303 2205 388 2234 εἶξασι
413 2203 456 2230 καὶ
483 2201 635 2254 κενταύροις
655 2203 699 2230 καὶ
724 2202 883 2231 τοιούτοισιν
909 2205 1011 2240 ἑτέροις,

215 2244 365 2294 πάμπολλοι
382 2251 385 2265 ¹
403 2245 428 2272 δὲ
446 2244 576 2282 Σατύροις
592 2257 636 2272 και
653 2248 708 2276 τοῖς
726 2243 854 2273 ασθενέσι
868 2246 911 2273 καὶ
929 2248 1010 2274 πολυ-

214 2287 323 2325 τρόποις
340 2289 454 2325 θηρίοις·
484 2287 549 2323 ταχὺ
566 2287 593 2315 δὲ
613 2286 819 2324 μεταλλαττουσι
835 2287 882 2319 τοὶς
899 2299 926 2316 τε
945 2288 1014 2319 ἰδέας

214 2330 258 2358 καὶ
275 2342 321 2365 την
339 2328 445 2379 δύναμιν
465 2329 502 2360 εἰς
524 2328 654 2365 ἇλληλους.
681 2342 725 2357 και
744 2332 832 2367 μέντοι
852 2342 897 2367 μοι
922 2330 973 2362 νῦι,
993 2342 1012 2358 ω

214 2371 362 2410 Σωκρατες,
399 2370 458 2409 ἄρτι
484 2372 552 2400 δοκῶ
576 2374 789 2407 κατανενοηκέναι
818 2383 880 2404 τους
910 2371 1011 2410 ἄνδρας.

215 2421 266 2443 ΝΕ.
284 2420 340 2443 ΣΩ.
358 2417 453 2463 Λέγοις
471 2412 512 2442 civ
539 2415 624 2445 ἔοικας
644 2414 695 2452 γὰρ
719 2413 821 2443 α’τοπόν
838 2427 862 2443 τι
879 2414 1012 2452 καθορᾶν.

214 2462 263 2486 ΞΕ.
284 2457 400 2485 Ναί·τὸ
418 2455 470 2494 γὰρ
490 2456 591 2484 ἄτοπον
609 2459 635 2488 ἐξ
659 2455 765 2494 ἀγνοίας
786 2457 852 2485 πᾶσι
872 2458 1012 2494 συμβαίνει.

213 2512 257 2528 και
278 2499 329 2548 γὰρ
352 2499 382 2534 δὴ
403 2511 448 2526 και
468 2498 514 2527 νῦν
535 2497 614 2530 αυτὸς
640 2499 718 2527 τοῦτο
746 2500 864 2528 επαθον
894 2501 1012 2536 ἐξαίφνης

212 2540 381 2580 ἧμφεγνόησα
403 2540 512 2569 κατιδὼν
533 2541 579 2569 τὸν
599 2541 658 2578 περὶ
680 2541 713 2568 τὰ
738 2541 790 2569 τῶν
815 2541 916 2570 πόλεων
941 2541 1010 2579 πρά-

212 2597 300 2623 γματα
324 2590 328 2605 ¹
349 2582 439 2633 χορόν.
482 2589 533 2611 ΝΕ
552 2588 607 2611 ΣΩ.
626 2586 725 2616 Imm,—
769 2588 818 2612 ΞΕ.
838 2583 892 2613 Τὸν
908 2584 1013 2612 πάντων

212 2627 262 2654 τῶν
280 2626 415 2663 σοφιστῶν
430 2628 554 2675 μέγιστον
574 2624 657 2675 γόητα
680 2627 726 2675 καὶ>
746 2625 839 2662 ταύτης
860 2627 905 2663 τῆς
926 2629 1013 2662 τέχνης

213 2668 408 2706 ἐμπειρότατον·
428 2667 459 2697 ὂν
477 2666 531 2696 απὸ
549 2667 600 2696 τῶν
618 2679 698 2699 οντως
716 2666 797 2696 ω’ντων
813 2669 951 2698 πολιτικῶν
968 2682 1010 2697 και

885 138 1180 164 PLATONIS

1057 217 1193 253 βασιλικῶν
1215 218 1305 253 καίπερ
1328 216 1497 255 παγχάλεπον
1519 216 1582 246 ὄντα
1604 215 1723 254 ἀφαιρεῖν
1742 214 1849 252 ἀφαιρε-

1057 261 1126 290 τέον,
1153 258 1175 286 εἰ
1195 260 1318 295 μέλλομεν
1336 259 1398 287 ἰδεῖν
1416 259 1529 297 ἐναργῶς
1545 259 1575 287 τὸ
1595 258 1755 296 ζητούμενον.
1799 263 1850 286 ΝΕ.

1056 306 1112 328 ΣΩ.
1135 299 1209 328 Ἀλλὰ
1229 299 1280 336 μὴν
1300 299 1380 329 τοῦτο’
1399 312 1428 338 γε
1451 300 1496 329 οὐκ
1525 300 1634 329 ἀνετέον.
1679 306 1727 328 ΞΕ.
1753 299 1852 329 Οὔκουν

1057 343 1087 377 δὴ
1109 340 1175 370 κατά
1192 353 1222 380 γε
1240 341 1285 376 τὴν
1303 341 1370 378 ἐμήν.
1397 344 1444 383 καί
1454 355 1500 379 μοι
1517 343 1597 381 φράζε
1615 343 1682 371 τόδε.
1726 348 1776 370 ΝΕ.
1795 347 1812 370 Σ

1058 384 1094 412 Τὸ
1117 387 1209 416 ποῖον;
1253 390 1347 411 XXXI.
1365 390 1414 412 ΞΕ.
1436 383 1483 438 Ἀρ
1505 398 1535 414 ου
1555 387 1684 422 μοναρχία
1708 385 1757 412 τῶν
1776 390 1779 404 ¹
1799 396 1850 412 πο-

1057 426 1156 454 λιτικῶν
1176 425 1236 474 ημῖν
1259 424 1344 463 αρχῶν
1366 438 1420 454 εστι
1439 429 1499 463 μίας
1543 433 1594 455 NE.
1616 433 1672 455 ΣΩ.
1697 428 1760 454 Ναί.
1804 430 1851 454 ΞΕ.

1057 469 1112 496 Καὶ
1128 467 1194 504 μετὰ
1210 470 1356 505 μοναρχίαν
1373 471 1441 496 εἴποι
1458 480 1496 500 τις
1513 482 1552 502 αν,
1572 481 1651 507 οιμαι,
1670 469 1716 504 τὴν
1732 467 1784 496 υπὸ
1803 469 1853 496 τῶν

1058 509 1149 548 ὀλίγων
1168 510 1326 538 δυναστείαν.
1369 516 1420 537 NE.
1439 515 1494 538 ΣΩ.
1512 512 1577 543 Πῶς
1593 510 1617 539 δ’
1638 524 1682 545 ους
1726 516 1774 539 ΞΕ.
1791 511 1851 547 Τρί-

1060 565 1106 581 τον
1124 553 1151 580 δὲ
1169 552 1255 589 σχῆμα
1273 554 1403 583 πολιτείας
1421 551 1469 588 οὐχ
1486 551 1501 588 ἦ
1519 554 1566 581 τοῦ
1581 553 1701 589 πλήθους
1717 551 1790 590 ἀρχή,
1807 553 1851 587 δη-

1055 595 1183 632 μοκρατία
1202 592 1317 634 τρῦνομα
1335 596 1478 629 κληθεῖσα,·
1501 601 1551 623 NE.
1570 601 1624 623 ΣΩ..
1643 595 1721 623 Πάνυ
1738 606 1775 633 γε.
1804 599 1853 623 ΞΕ.

1059 640 1132 674 Τρεῖς
1155 634 1178 663 δ’
1198 637 1277 664 οὖσαι
1296 636 1352 673 μῶν
1375 635 1405 664 οὐ
1427 639 1501 665 πέντε
1523 636 1622 675 τρόπον
1639 637 1695 665 τινὰ
1713 639 1852 675 γίγνονται,

1058 678 1103 707 δύο
1128 681 1154 710 ἐξ
1176 678 1273 706 ἑαυτῶν
1296 677 1359 705 ἄλλα
1381 678 1448 715 πρὸς
1466 678 1556 710 αὑταῖς
1573 678 1690 717 ὀνόματα
1707 681 1854 711 τίκτουσαις

1058 727 1108 749 ΝΕ.
1127 726 1183 748 ΣΩ
1207 724 1282 749 Ποῖα
1304 719 1347 755 δής
1391 725 1438 748 ΞΕ.
1461 721 1535 758 Πρὸς
1555 727 1558 742 ¹
1577 722 1607 750 τὸ
1631 721 1715 758 βίαιόν
1735 733 1788 749 που
1811 721 1855 748 καὶ

1058 762 1177 791 ἑκούσιον
1196 761 1411 793 ἀποσκοποῦντες
1428 764 1483 796 νῦν,
1506 776 1549 791 και
1566 765 1656 792 πενίαν
1672 776 1716 792 και
1732 763 1854 795 πλοῦτον,

1058 806 1102 834 καὶ
1119 804 1200 842 νόμον
1217 818 1260 832 και
1282 803 1403 842 ανομίαν,
1431 808 1457 833 ἐν
1479 804 1570 837 αὐταῖς
1589 805 1740 844 γιγνόμενα,
1767 805 1856 840 διπλῆν

1058 849 1181 884 ἑκατέραν
1202 850 1259 875 τοῖν
1281 848 1353 875 δυοῖν
1374 848 1531 885 διαιροῦντες
1550 849 1695 885 μοναρχίαν
1710 850 1758 885 μὲν
1773 857 1854 885 προς-

1061 889 1233 928 αγορεύουσιν
1254 887 1289 920 ὡς
1310 888 1355 917 δύο
1378 892 1555 927 παρεχομένην
1573 891 1626 925 εἴδη
1644 891 1716 918 δυοῖν
1735 888 1855 926 ὀνόμασι,

1058 933 1198 969 τυραννίδι,
1226 931 1256 961 το
1279 932 1305 959 δὲ
1328 932 1453 969 βασιλικῇ.
1498 938 1548 959 NE.
1571 937 1628 960 ΣΩ.
1652 933 1684 960 Τι’
1701 930 1764 969 μήν,·
1808 936 1856 960 ΞΕ.

1061 974 1113 1010 Τὴν
1139 975 1165 1002 δὲ
1191 972 1234 1002 ὖπ)
1261 972 1353 1012 ὀλίγων
1377 985 1407 1012 γε
1434 973 1557 1003 ἑκαστοτε
1580 977 1761 1012 κρατηθεῖσαν
1781 972 1858 1002 πόλιν

1061 1015 1245 1055 ἀριστοκρατίᾳ
1267 1017 1311 1044 καὶ
1333 1014 1474 1065 ολιγαρχίᾳ.
1518 1022 1568 1044 NE.
1587 1022 1642 1045 ΣΩ.
1661 1017 1716 1045 Καὶ
1733 1028 1803 1044 πανυ
1819 1027 1856 1054 γε.

1060 1064 1109 1087 ΞΕ.
1133 1060 1314 1112 Δημοκρατίας
1334 1070 1363 1097 γε
1384 1071 1446 1096 μην,
1475 1071 1519 1087 εαν
1540 1057 1561 1087 τ’
1583 1060 1629 1087 οὑν
1651 1060 1738 1096 βιαίως
1760 1062 1805 1086 εαν
1830 1070 1858 1086 τε

1060 1103 1182 1132 ἑκουσίως
1203 1101 1254 1129 τῶν
1275 1100 1322 1132 τὰς
1344 1099 1434 1133 οὐσίας
1452 1105 1465 1119 *
1483 1100 1592 1136 ἑχόντων
1610 1101 1639 1130 τὸ
1658 1101 1764 1137 πλῆθος
1782 1099 1856 1138 α’ρχῃ,

1060 1145 1103 1171 καὶ
1126 1142 1171 1171 ἐάν
1192 1155 1219 1171 τε
1241 1143 1302 1174 τοὺς
1319 1142 1415 1180 νόμους
1433 1142 1542 1181 ἀκριβῶς
1559 1142 1690 1180 φυλαττον
1709 1141 1753 1171 ἐαν
1770 1155 1798 1171 τε
1814 1141 1857 1180 μή,

1060 1197 1163 1217 παντως
1194 1197 1309 1222 τουνομα
1342 1184 1425 1217 ουδεὶς
1457 1184 1534 1221 αυτῆς
1565 1189 1645 1214 εἴωθε
1670 1184 1857 1223 μεταλλαττειν.

1061 1234 1112 1256 NE.
1131 1233 1187 1256 ΣΩ
1205 1227 1311 1263 Λληθῆ.
1347 1233 1396 1256 ΞΕ.
1416 1230 1447 1255 Τί
1465 1223 1523 1261 ουνς
1551 1227 1668 1266 οἰόμεθα
1685 1240 1742 1256 τινα
1760 1239 1859 1256 τουτων

1061 1271 1111 1298 τῶν
1137 1271 1272 1298 πολιτειῶν
1287 1268 1385 1318 ὀρθὴν
1411 1269 1475 1298 εἶναι
1501 1270 1603 1302 τούτοις
1627 1273 1684 1302 τοῖς
1709 1270 1780 1308 ὅροις
1802 1268 1856 1307 ὁρι-

1062 1316 1190 1345 σθεῖσαν,
1209 1313 1245 1340 ἑνι
1263 1313 1307 1339 καὶ
1325 1309 1421 1350 ολίγοις
1438 1325 1482 1341 και
1499 1315 1616 1345 πολλοῖς,
1635 1313 1679 1340 καὶ
1695 1311 1799 1348 πλούτῳ
1816 1324 1859 1340 και

1060 1357 1143 1390 πενίᾳ,
1162 1355 1205 1382 καὶ
1222 1354 1258 1391 τῷ
1276 1354 1349 1391 βιαίῳ
1367 1367 1410 1382 και
1428 1357 1543 1392 ἑκουσίῳ,
1562 1367 1606 1383 και
1621 1355 1686 1392 μετὰ
1701 1366 1860 1393 γραμματων

1061 1398 1104 1425 καὶ
1127 1396 1188 1425 ἄνευ
1209 1396 1295 1434 νόμων
1316 1397 1510 1433 ξυμβαίνουσαν
1534 1399 1688 1436 γίγνεσθαι,·
1733 1403 1783 1424 ΝΕ.
1802 1401 1858 1424 ΣΩ.

1065 1442 1096 1468 Τί
1111 1439 1163 1478 γὰρ
1181 1438 1211 1474 δὴ
1229 1440 1272 1467 καὶ
1289 1438 1378 1467 κωλύει
1384 1453 1391 1472 ,·
1435 1445 1452 1468 Ξ
1458 1445 1483 1467 E.
1502 1439 1600 1468 Σκόπει
1618 1439 1647 1475 δὴ
1664 1446 1668 1460 ¹
1687 1442 1857 1476 σαφέστερον,

1062 1483 1121 1519 τῇδε
1139 1481 1271 1519 ἑπόμενος.
1316 1487 1366 1509 ΝΕ.
1386 1487 1441 1509 ΣΩ.
1460 1482 1518 1519 πῆς
1558 1487 1606 1510 ΞΕ.
1626 1483 1667 1518 Τῷ
1685 1484 1793 1520 ῥηθέντι
1809 1493 1857 1509 κα-

1062 1524 1093 1552 τὰ
1112 1523 1217 1562 πρώτας
1234 1523 1347 1561 πότερον
1365 1525 1520 1561 ἐμμενοῦμεν
1537 1523 1552 1560 ἢ
1570 1524 1778 1561 διαφωνήσομενς
1807 1529 1858 1551 NE.

1062 1572 1118 1595 ΣΩ.
1142 1566 1184 1604 Τῷ
1206 1566 1236 1601 δὴ
1257 1568 1324 1603 ποίῳ
1345 1569 1436 1605 λέγειςς
1480 1572 1529 1595 ΞΕ,
1554 1567 1604 1602 Τὴν
1627 1566 1758 1603 βασιλικὴν
1780 1564 1860 1603 ἀρχὴν

1062 1609 1112 1637 τῶν
1134 1609 1280 1645 ἐπιστημῶν
1301 1607 1366 1637 εἶναί
1387 1621 1443 1637 τινα
1471 1610 1578 1646 ἔφαμεν,
1606 1607 1686 1646 οἶμαι.
1729 1614 1780 1636 NE.
1803 1613 1858 1636 ΣΩ.

1065 1653 1128 1679 Ναί.
1172 1657 1220 1680 ΞΕ.
1242 1652 1298 1679 Καὶ
1319 1651 1418 1680 τούτων
1434 1663 1463 1690 γε
1482 1650 1530 1687 οὐχ
1549 1650 1672 1684 ἆπασών,
1696 1649 1761 1679 ἀλλὰ
1779 1662 1857 1688 κριτι-

1062 1694 1107 1729 κὴν
1129 1693 1212 1729 δήπου
1234 1693 1289 1721 τινὰ
1311 1695 1355 1721 καὶ
1377 1695 1540 1730 ἐπιστατικην
1558 1697 1583 1722 ἐκ
1601 1694 1652 1722 τῶν
1670 1692 1752 1721 ἄλλων
1768 1705 1857 1731 προει-

1062 1735 1175 1774 λόμεθα.
1219 1741 1270 1764 ΝΕ.
1293 1741 1349 1764 ΣΩ.
1374 1738 1436 1764 Ναί.
1480 1742 1528 1765 ΞΕ.
1552 1735 1611 1765 Κάκ
1633 1736 1677 1772 τῆς
1699 1736 1860 1770 ἐπιστατικῆς

1062 1779 1107 1814 τὴν
1127 1781 1175 1816 μὲν
1196 1776 1233 1806 ἐπ’
1256 1777 1367 1816 ἀψύχοις
1389 1780 1480 1817 ἔργοις,
1506 1785 1509 1799 ¹
1532 1778 1577 1814 τὴν
1599 1780 1625 1807 δὲ
1648 1779 1690 1806 ἐπὶ
1711 1777 1789 1810 ζώοις.
1816 1778 1859 1805 καὶ

1062 1821 1128 1849 κατὰ
1151 1821 1246 1849 τοῦτον
1263 1821 1293 1856 δὴ
1311 1821 1357 1849 τὸν
1374 1821 1474 1858 τρόπον
1490 1823 1632 1859 μερίζοντες
1650 1818 1715 1858 δεῦρ’
1733 1818 1774 1848 ἀεὶ
1790 1831 1857 1858 προ-

1062 1863 1237 1900 εληλύθαμεν,
1266 1862 1404 1900 ἐπιστήμης
1432 1862 1478 1892 οὐκ
1506 1862 1753 1900 ἐπιλανθανόμενοι,
1779 1861 1810 1890 τὸ
1833 1859 1857 1889 δ’

1062 1906 1116 1942 η’τις
1138 1918 1186 1940 ουχ
1204 1906 1297 1937 ἶκαιως
1313 1917 1354 1933 πω
1374 1905 1509 1943 δυναμενοι
1527 1905 1763 1946 διακριβωσασθαι.
1807 1910 1858 1932 ΝΕ.

1063 1954 1118 1976 ΣΩ.
1138 1951 1228 1986 Λέγεις
1245 1946 1344 1985 ὀρθῶς.
1383 1953 1432 1976 ΞΕ.
1453 1947 1526 1976 Τοῦτ’
1544 1946 1608 1976 αυτὸ
1626 1949 1712 1976 τοίνυν
1729 1945 1768 1985 ἆρ’
1787 1950 1858 1975 ἐννο-

1064 1991 1153 2028 οῦμεν,
1177 1990 1217 2019 ὅτι
1239 1990 1284 2018 τὸν
1307 1989 1369 2028 ὅρον
1391 2003 1437 2018 ουκ
1456 1989 1558 2029 ολίγους
1576 1989 1635 2019 ουδὲ
1652 1988 1777 2022 πολλούς,
1800 1987 1860 2017 ουδὲ

1063 2033 1093 2062 τὸ
1112 2032 1232 2061 ἑκούσιον
1250 2031 1310 2061 οὐδὲ
1324 2033 1354 2061 τὸ
1372 2031 1504 2065 ἀκούσιον,
1524 2031 1583 2061 οὐδὲ
1597 2034 1688 2061 πενίαν
1703 2030 1762 2060 οὐδὲ
1776 2030 1858 2060 ⁷:205-

1063 2087 1110 2104 τον
1130 2078 1272 2114 γίγνεσθαι
1293 2076 1353 2112 περὶ
1375 2073 1459 2103 αὐτῶν
1477 2074 1571 2112 χρεών,
1596 2073 1660 2103 ἀλλά
1678 2086 1734 2103 τινα
1754 2072 1855 2109 ἐπιστή-

1062 2130 1119 2156 μην,
1138 2120 1209 2155 εἴπερ
1228 2115 1447 2154 ἆκολουθήσομεν
1464 2121 1519 2149 τοῖς
1536 2119 1702 2155 ἐμπροσθενς
1742 2122 1852 2144 XXXII.

1065 2167 1069 2181 ¹
1089 2166 1139 2188 NE.
1159 2165 1214 2188 ΣΩ.
1236 2159 1310 2188 Ἀλλὰ
1331 2160 1381 2197 μὴν
1403 2159 1481 2188 τουτο
1502 2172 1531 2198 γε
1555 2158 1683 2188 ἀδύνατον
1706 2158 1742 2196 μὴ
1767 2161 1858 2187 ποιεῖν.

1064 2208 1112 2231 ΞΕ.
1129 2201 1171 2234 Ἐξ
1189 2201 1301 2241 ἀνάγκης
1318 2202 1348 2237 δὴ
1365 2203 1410 2230 νῦν
1427 2202 1504 2230 τοῦτο
1524 2201 1591 2230 οὕτω
1610 2204 1746 2234 σκεπτέον,
1770 2204 1797 2229 ἐν
1812 2201 1861 2229 τίνι

1063 2247 1128 2273 ποτὲ
1150 2244 1249 2273 τούτων
1271 2244 1395 2281 ἐπιστήμη
1418 2245 1548 2282 ξυμβαίνει
1568 2246 1711 2283 γίγνεσθαι
1731 2243 1791 2281 περὶ
1813 2241 1858 2271 ἇν-

1063 2286 1182 2325 θρώπων
1204 2285 1290 2324 ἀρχῆς,
1310 2286 1404 2322 σχεδὸν
1421 2287 1464 2322 τῆς
1478 2285 1663 2322 χαλεπωτάτης
1679 2286 1722 2314 καὶ
1738 2287 1860 2324 μεγίστης

1063 2329 1225 2364 κτήσασθαι.
1254 2330 1292 2357 δεῖ
1308 2330 1358 2367 γάρ
1377 2330 1440 2357 ἰδεῖν
1458 2328 1544 2364 αὐτήν,
1562 2332 1603 2357 ἰνα
1622 2327 1800 2365 θεασώμεθα,
1820 2329 1858 2355 τί-

1064 2383 1109 2403 νας
1127 2370 1280 2409 ἀφαιρετέον
1298 2370 1351 2400 ἀπὸ
1370 2372 1416 2400 τοῦ
1434 2373 1563 2409 φρονίμου
1581 2373 1716 2408 βασιλέως,
1735 2371 1763 2399 οῗ
1777 2380 1858 2408 προς-

1063 2414 1200 2443 ποιοῦνται
1221 2416 1268 2451 μὲν
1289 2412 1353 2442 εἶναι
1375 2415 1502 2443 πολιτικοὶ
1523 2415 1567 2442 καὶ
1588 2415 1717 2442 πείθουσι
1739 2410 1859 2444 πολλούς,

1064 2457 1115 2485 εἶσι
1133 2457 1159 2484 δὲ
1178 2455 1304 2493 ουδαμῶς,
1348 2463 1399 2485 NE.
1416 2462 1470 2484 ΣΩ.
1490 2460 1538 2484 Δεῖ
1553 2456 1604 2495 γὰρ
1623 2456 1653 2491 δὴ
1670 2459 1758 2496 ποιεῖν
1772 2454 1858 2486 τοῦτο,

1064 2510 1098 2530 ως
1124 2497 1138 2527 ὁ
1166 2498 1245 2537 λόγος
1269 2498 1328 2536 ἡμῖν
1351 2505 1355 2519 ¹
1378 2501 1520 2537 προείρηκε.
1564 2504 1613 2527 ΞΕ.
1636 2498 1705 2526 Μῶν
1727 2509 1774 2526 ουν
1791 2498 1858 2525 δοκεῖ

1063 2540 1169 2577 πλῆθός
1185 2553 1215 2580 γε
1234 2545 1259 2569 ἐν
1276 2541 1351 2570 πόλει
1368 2540 1463 2576 ταύτην
1480 2541 1526 2576 τὴν
1543 2540 1683 2577 ἐπιστήμην
1699 2539 1807 2568 δυνατὸν
1821 2536 1856 2566 εἷ-

1063 2596 1106 2612 ναι
1122 2582 1289 2618 κτήσασθαι;
1334 2590 1383 2612 NE.
1403 2589 1458 2612 ΣΩ.
1476 2584 1532 2611 Και
1548 2583 1615 2616 vta-393
1660 2588 1707 2611 ΞΕ
1725 2579 1788 2610 Αλλ
1808 2592 1859 2618 αρα

1065 2630 1090 2654 ἐν
1105 2625 1241 2664 χιλιοῖνδρῳ
1259 2625 1333 2654 πολει
1351 2626 1461 2654 δυνατὸν
1477 2624 1569 2654 εκατόν
1586 2636 1657 2656 τινας
1673 2624 1688 2660 ἦ
1705 2625 1749 2652 καὶ
1765 2621 1857 2657 πεντή-

1064 2681 1142 2698 κοντα
1170 2667 1248 2704 αυτὴν
1274 2669 1366 2700 ἶκανώς
1391 2668 1558 2704 κτήσασθαις
1602 2673 1653 2696 NE.
1681 2672 1736 2695 ΣΩ.
1765 2663 1859 2702 Ῥᾴοτη

1869 1056 1919 1126 ἦ
