1998 3084
177 1794 201 1812 92

229 152 262 179 34

226 231 270 258 καὶ
288 228 337 268 ἐγώ
353 242 399 267 μοι
417 230 483 258 δοκῶ
502 232 528 257 ἐν
541 229 576 266 τῷ
590 227 701 266 παρόντι
715 229 845 257 τοσοῦτον
857 227 941 266 μόνον
955 231 1017 257 ἐκεί-

227 284 277 301 νων
295 273 410 300 διοίσειν·
430 269 461 299 οὗ
478 270 529 309 γὰρ
549 271 619 302 ὀπως
636 274 692 301 τοῖς
707 271 839 308 παροῦσιν
857 269 874 298 δι’
892 270 941 309 ἐγὼ
956 273 1019 309 λέγω

227 313 290 351 δόξῃ
310 312 397 349 ἀληθῆ
415 312 480 342 εἶναι
496 311 755 350 προθυμηθήσομαι,
774 312 797 340 εἶ
812 312 847 349 μὴ
865 315 903 348 εἴη
920 312 1018 350 πιίρερ-

225 368 286 394 γον,
310 354 362 383 ἀλλ’
380 355 451 386 ὅπως
472 352 541 391 αὐτῷ
564 355 621 395 &fa-oz
643 354 659 382 ὅ
680 367 704 382 τι
724 353 838 391 μάλιστα
857 354 921 391 δόξῃ
939 355 1021 386 οὕτως

228 399 300 433 ἔχειν.
326 404 329 418 ¹
348 399 482 435 λογίζομαι
498 395 557 434 γάρ,
576 397 597 424 ὦ
614 398 671 433 φίλε
689 398 786 434 ἑταῖρε·
806 397 850 424 καὶ
867 399 968 425 θέασαι
986 395 1020 428 ὦς

226 440 416 469 πλεονεκτικῶς·
445 439 467 466 εἰ
489 440 537 475 μὲν
558 437 679 477 τυγχάνει
702 436 790 474 ἇληθῆ
815 437 878 466 ὅντα
903 437 920 466 δι’
946 441 1018 477 λέγω,

225 481 308 511 καλῶς
326 481 382 515 δὴ’
374 482 423 515 ε’χει
441 480 470 508 τὸ
489 481 643 516 πεισθῆναι·
671 480 694 508 εἶ
716 481 743 508 δὲ
762 481 840 529 μηδέν
863 484 917 509 ἐστι
934 483 1018 509 τελευ-

226 522 344 558 τήσαντι,
373 520 425 549 ἀλλ’
448 523 493 550 οὖν
514 521 609 551 τοῦτόν
629 534 659 561 γε
681 522 728 550 τὸν
748 521 846 560 χρόνον
870 521 951 551 αὐτὸν
974 522 1020 550 τὸν

225 564 278 601 πρὸ
300 564 348 592 τοῦ
370 563 494 592 θανατου
514 565 593 599 ἦττον
610 568 665 596 τοῖς
681 565 812 613 παροῦσιν
830 562 935 600 ἆηδὴς’
927 577 1020 602 εσομαι

227 605 389 656 ὀδυρόμενος.
412 604 432 646 ᾖ
451 607 477 634 δὲ
497 605 590 644 ἅγιοια
603 619 656 654 μοι
665 606 729 642 αντη
744 604 776 635 οὗ
791 607 952 639 ξυνδιατελεῖ,
971 619 1018 634 κα-

226 648 272 676 κὸν
288 648 340 686 γὰρ
359 647 391 676 ἂν
408 649 446 683 ἠν,
466 646 518 675 ἄλλ
536 646 631 689 ολίγον
640 649 751 686 υστερον
769 646 912 677 ἀπολεῖται.
936 660 1017 686 παρε-

227 692 400 743 σκευασμένος
416 692 463 727 μὲν
481 689 546 726 δή,’
538 692 593 727 ἔφη,
612 692 632 718 ὠ
647 692 745 728 Σιμμία
763 702 790 719 τε
805 703 848 718 και
862 691 953 739 Κέβης,
973 689 1017 718 οὗ-

226 744 291 760 τωσι
313 733 420 770 ἔρχομαι
442 733 484 760 επὶ
505 732 551 760 τὸν
572 731 658 771 λόγον.
689 732 760 770 ὑμεῖς
779 735 879 770 μέντοι,
908 731 940 760 ἄν
964 732 1021 769 εμοὶ

226 776 377 810 πείθησθε,
397 774 505 812 σμικρὸν
524 780 528 795 ¹
547 776 732 812 φροντίσαντες
748 773 912 811 Σωκρατους,
932 775 976 809 τῆς
994 775 1020 801 δὲ

227 815 354 851 ἇληθείας
374 815 442 844 πολὺ
462 817 572 853 μᾶλλον,
596 816 641 845 ἐὰν
656 819 702 853 μέν
720 829 743 844 τι
759 815 820 853 ὑμῖν
837 817 904 844 δοκεῖ)
923 814 1021 851 ἀληθὲς

226 861 314 897 λέγειν,
333 857 567 896 ξυνομολογήσατε,
586 858 609 887 εἰ
627 859 654 887 δὲ
669 857 713 896 μή,
731 859 810 886 παντὶ
827 857 895 896 λόγῳ
912 856 1018 885 ἀντιτεί-

227 941 320 971 ἑαυτόν
345 954 372 970 τε
398 954 442 970 και
465 941 533 979 ὗμᾶς
559 941 725 978 ἐξαπατήσας
752 953 834 979 ωςπερ
859 944 963 979 μέλιττα
992 941 1019 969 τὸ

226 987 331 1022 κέντρον
357 983 533 1022 ἐγκαταλιπών
564 983 712 1022 οἰχήσομαι.
756 990 819 1011 XLI
851 982 913 1012 Αλλ’
945 983 1020 1015 ἶτέον,

228 1028 283 1063 ἔφη
310 1024 415 1064 πρῶτόν
434 1037 467 1064 με
487 1025 654 1064 ὖπομνησατε
678 1025 694 1053 ἆ
713 1028 820 1064 ἐλέγετε,
845 1025 889 1053 ἐὰν
905 1025 939 1063 μὴ
957 1027 1018 1062 φαί-

227 1081 308 1106 νωμαι
323 1070 487 1106 μεμνημένος.
521 1070 634 1106 Σιμμίας
649 1071 696 1105 μὲν
707 1080 769 1118 γαρ,
787 1066 821 1099 ὡς
836 1068 939 1106 ἐγῷμαι,
958 1065 1019 1095 ἀπι-

228 1114 285 1139 στεῖ
300 1122 327 1139 τε
345 1111 388 1138 καὶ
405 1111 538 1147 φοβεῖται,
561 1110 596 1148 μὴ
614 1109 629 1146 ἡ
646 1110 716 1148 ψυχὴ
735 1110 805 1147 ὅμως
821 1122 865 1137 και
882 1108 1022 1158 θειότερον

227 1154 271 1181 καὶ
291 1151 395 1181 κάλλιον
416 1151 447 1181 ὃν
467 1153 515 1181 τοῦ
534 1158 538 1173 ¹
558 1151 680 1190 σώματος
695 1151 910 1190 προαπολλυῃται
928 1155 954 1180 ἐν
972 1150 1019 1189 ἆρ-

226 1197 318 1232 μονίας
335 1196 395 1223 εἴδει
414 1195 493 1223 οὐσα·
512 1195 598 1232 Κέβης
615 1195 643 1223 δέ
657 1206 703 1232 μοι
722 1195 792 1225 ἔδοξε
811 1195 888 1222 τοῦτο
903 1196 950 1231 μὲν
965 1194 1022 1231 ἐμοὶ

228 1240 377 1285 ξυγχωρεῖν,
402 1236 640 1275 πολυχρονιώτερόν
660 1248 690 1275 γε
708 1235 772 1264 εἶναι
789 1236 874 1273 ψυχὴν
892 1235 1020 1273 σώματος,

228 1278 292 1307 ἄλλα
314 1278 374 1307 τόδε
398 1278 492 1314 α’δῃλον
513 1281 603 1311 παντί,
627 1279 663 1316 μὴ
684 1278 768 1307 πολλὰ
792 1278 821 1313 δὴ
846 1277 955 1315 σώματα
978 1290 1022 1305 και

226 1320 349 1353 πολλακις
371 1323 556 1359 κατατρίψασα
582 1320 597 1356 ἦ
620 1320 690 1358 ψυχὴ
716 1321 745 1349 τὸ
774 1323 919 1348 τελευταῖον
946 1320 1021 1357 σῶμα

227 1364 407 1392 καταλιποῦσα
426 1364 470 1391 νῦν
489 1361 553 1398 αυτὴ
572 1361 741 1398 ἇπολλύηται,
764 1363 807 1390 καὶ
824 1363 840 1411 3⁷}
860 1360 923 1390 αὐτὸ
942 1362 1020 1390 τοῦτο

227 1404 359 1438 θανατος,
381 1406 466 1443 ψυχῆς
487 1404 613 1446 ὄλεθρος,
637 1406 692 1433 ἐπει
714 1404 790 1442 σώμιὶ
807 1417 824 1442 γ
848 1402 888 1432 ἀει
907 1402 1018 1432 ἀπολλυ-

225 1460 304 1485 μενον
322 1446 397 1476 οὐδὲν
413 1446 532 1476 παύεται.
560 1448 612 1485 ἀρα
631 1445 684 1475 αλλ’
700 1446 716 1482 ἢ
733 1445 803 1475 ταῦτ’
821 1448 897 1478 ἐστίν,
917 1448 936 1474 ὠ
954 1451 1019 1483 Σιμ-

225 1492 272 1527 μία
290 1502 317 1518 τε
335 1490 378 1517 καὶ
395 1488 523 1526 Κέβης,(
512 1502 528 1517 α
547 1488 614 1518 δει
601 1490 668 1527 ημᾶς
686 1492 906 1522 ἐπισκοπεῖσθαι,-
933 1491 1019 1518 Ξυνω-

225 1533 378 1570 μολογείτην
396 1531 425 1567 δὴ
445 1538 448 1552 ¹
468 1529 538 1560 ταῦτ
555 1530 620 1560 εἶναι
635 1530 719 1569 α’μφω.
755 1530 877 1568 Πότερον
892 1526 945 1563 οὖν,
966 1531 1020 1566 ἔφη,

226 1573 328 1606 πάντας
348 1573 409 1606 τοὺς
431 1575 585 1611 ἔμπροσθεν
608 1573 702 1612 λόγους
726 1571 772 1602 οὐκ
800 1571 980 1608 αποδέχεσθε,
1007 1571 1022 1607 ἢ

227 1616 289 1648 τοὺς
304 1619 362 1653 μέν,
380 1616 442 1647 τοὺς
459 1615 483 1643 δ’
502 1615 546 1649 ου’,·
574 1616 642 1648 Τοὺς
657 1618 715 1653 μέν,
735 1614 842 1652 ἐφάτην,
861 1614 923 1646 τοὺς
940 1613 964 1642 δ
982 1613 1022 1643 ου’.

229 1661 261 1687 Τι’
278 1660 335 1692 οὖν,
353 1671 369 1708 η
388 1657 411 1686 δ
430 1658 470 1691 ὸς,
488 1659 548 1696 περὶ
568 1660 663 1687 ἐκείνου
681 1659 727 1686 τοῦ
745 1657 826 1696 λόγου
843 1660 939 1695 λέγετε,
959 1660 985 1685 ἐν
1003 1657 1022 1693 ᾠ

229 1702 325 1738 ἔφαμεν
341 1700 387 1736 τὴν
403 1699 525 1738 μα’θησιν
543 1699 685 1738 ανοὶμνησιν
702 1705 774 1732 εῑιαι,
793 1702 843 1732 καί,
863 1698 957 1728 τούτου
975 1700 1020 1727 ου’-

227 1754 277 1774 τως
300 1744 414 1778 ἔχοντος,
444 1741 588 1781 ἀναγκαίως
611 1743 675 1792 ἔχειν
698 1741 797 1771 ἄλλοθί
817 1754 871 1770 που
893 1740 1022 1779 πρότερον

227 1784 298 1822 ἡμῶν
315 1784 380 1813 εἶναι
401 1784 446 1820 τὴν
467 1795 563 1822 ψυχην,
586 1797 647 1821 πριν
665 1788 691 1812 ἐν
708 1785 743 1821 τῷ
761 1788 774 1802 *
793 1783 893 1821 σώματι
912 1784 1020 1818 ενδεθῆ-

229 1840 283 1861 ναις
303 1825 367 1866 Ἐγώ
384 1829 441 1864 μέν,
462 1827 509 1863 ἔφη
527 1826 541 1855 ὁ
560 1827 651 1879 Κέβης,
671 1827 714 1854 καὶ
731 1825 790 1855 τότε
809 1826 972 1863 θαυμαστῶς
990 1824 1023 1856 ὡς

230 1871 357 1905 ἐπείσθην
377 1867 419 1897 ὑπ
438 1867 518 1897 αὐτοῦ
539 1870 583 1897 καὶ
605 1869 649 1897 νῦν
671 1871 766 1906 ἐμμένοι
789 1867 823 1899 ὦς
845 1866 929 1896 οὐδενὶ
946 1866 1022 1905 λόγῳ.

229 1913 285 1940 Καὶ
300 1910 361 1949 μήν,
385 1912 432 1948 ἔφη
451 1910 465 1939 ὁ
483 1912 606 1949 Σιμμίας,
629 1912 672 1939 καὶ
695 1909 772 1942 αὐτὸς
794 1910 875 1941 οὕτως
897 1910 957 1945 ἔχω,
980 1910 1023 1937 καὶ

229 1952 299 1982 πάνυ
317 1952 349 1981 ι’ἱν
366 1952 535 1991 θαυμάζοιμι,
554 1956 581 1982 εἶ’
592 1965 638 1990 μοι
654 1955 715 1990 περί
729 1964 759 1991 γε
774 1951 869 1981 τούτου
884 1951 948 1979 ἄλλα
963 1949 1021 1980 ποτ’

231 1997 267 2024 ἔτι
284 1994 387 2027 δόξειεν.
430 1996 486 2023 Καὶ
504 1994 518 2023 ὁ
536 1994 676 2033 Σωκράτης
692 1993 754 2023 Ἀλλ’
772 1993 870 2033 ἀνάγκη
888 2006 943 2026 σοι,
967 1995 1022 2030 ἔφη,

230 2034 250 2066 ὦ
268 2041 321 2069 ξένε
341 2038 449 2074 Θηβαῖε,
473 2036 537 2065 ἄλλα
556 2036 642 2070 δόξαι,
665 2036 759 2075 ἐάνπερ
779 2038 853 2074 μείνῃ
870 2036 915 2072 ἥδε
932 2035 947 2071 ἦ
966 2039 1021 2071 οἴη-

231 2091 282 2113 σις,
302 2079 332 2108 τὸ
354 2078 480 2117 ἁρμονίαν
496 2082 544 2117 μὲν
562 2078 626 2108 εἶναι
645 2078 774 2112 ξύνθετον
793 2079 914 2117 πρᾶγμα,
939 2077 1024 2116 ψυχὴν

231 2124 257 2150 δὲ
277 2121 402 2159 ἁρμονίαν
419 2121 475 2150 τινὰ
495 2125 520 2150 ἐκ
542 2122 593 2150 τῶν
614 2121 680 2150 κατὰ
704 2121 733 2150 τὸ
757 2122 833 2158 σῶμα
856 2123 1024 2158 ἐντεταμένων

231 2167 394 2203 ξυγκεῖσθαι.
418 2176 449 2192 ου
466 2163 521 2205 γάρ
535 2176 588 2193 που
606 2162 726 2196 ἇποδέξει
742 2175 772 2202 γε
791 2163 890 2192 σαυτοῦ
910 2168 913 2183 ¹
932 2165 1021 2201 λέγον-

229 2217 286 2251 τος,
309 2205 344 2237 ὦς
360 2205 490 2256 πρότερον
505 2207 536 2242 ἠν
554 2205 664 2244 αρμονία
683 2208 840 2244 ξυγκειμένη,
862 2217 923 2242 πριν
941 2208 1022 2234 ἐκεῖνα

230 2247 306 2281 εῖναι,
330 2251 356 2280 ἐξ
378 2250 414 2276 ὠν
432 2249 481 2276 ἔδει
499 2246 578 2284 αὐτὴν
595 2249 758 2284 ξυντεθήναι.
784 2247 800 2283 ἢ
819 2245 950 2280 ἀποδέξεις
971 2245 1021 2275 Ου-

231 2290 352 2340 δαμῶς,’
345 2292 399 2326 ἔφη,
418 2302 438 2318 ω
456 2289 599 2328 Σώκρατες.
632 2289 767 2319 Αἶσθανει
785 2302 838 2322 ουν,
857 2290 873 2325 ἢ
891 2287 915 2317 δ’
928 2289 964 2322 ὁς,
984 2289 1024 2317 ὅτι

230 2331 313 2361 ταῦτοῖ
335 2344 379 2361 σοι
401 2333 530 2370 ξυμβαίνει
551 2334 643 2371 λέγειν,
670 2332 734 2361 ὅταν
755 2333 806 2369 φῇς
826 2334 873 2369 μὲν
894 2343 959 2360 ειναι
979 2331 1025 2366 τὴν

229 2374 315 2412 ψυχὴν
331 2387 393 2412 πριν
409 2375 453 2403 καὶ
470 2374 507 2406 εἷς
524 2373 671 2412 ἆνθρωπου
688 2373 756 2406 εἶδός
770 2386 797 2403 τε
811 2374 855 2402 καὶ
870 2386 946 2411 σωμα
962 2372 1022 2423 ἀφι-

230 2419 335 2450 κέσθαι,
353 2422 419 2445 εἶναι
437 2415 460 2444 δ
478 2415 556 2452 αὐτὴν
574 2419 733 2469 ξιιγκειμὲνην
751 2420 777 2445 ἐκ
794 2417 845 2445 τῶν
863 2414 988 2445 οὐδέπω
979 2429 1022 2444 ον-

229 2471 293 2493 τωνς
320 2457 352 2487 οὗ
373 2458 425 2509 γὰρ
447 2458 477 2495 δὴ
500 2458 611 2496 ἁρμονία
634 2462 664 2497 γέ
687 2471 731 2488 σοι
754 2457 875 2488 τοιοῦτόν
898 2471 979 2492 εστιν,
1004 2461 1024 2496 ᾡ

231 2500 384 2534 απεικαζεις,
408 2500 473 2529 ἀλλὰ
494 2499 624 2539 πρότερον
644 2502 689 2529 καὶ
710 2514 725 2551 η
743 2500 807 2539 λυρα
825 2501 869 2529 καὶ
887 2501 915 2529 αἶ
929 2502 1025 2539 χορδαὶ

228 2544 273 2572 καὶ
290 2544 317 2572 οῖ
333 2542 490 2582 φθόγγοι”
475 2555 510 2572 ετι
529 2541 691 2581 ἀνάρμοστοι
710 2542 782 2575 ὄντες
797 2545 937 2582 γίγνονται,
957 2550 961 2564 ¹
980 2555 1022 2572 τε-

229 2588 348 2614 λευταῖον
366 2586 393 2614 δὲ
410 2584 515 2614 πάντων
532 2587 682 2617 ξυνίσταται
697 2584 713 2622 ἦ
732 2585 842 2623 ἁρμονία
860 2587 903 2613 καῖ
920 2586 1025 2624 πρῶτον

231 2626 381 2656 ἀπόλλυται.
409 2628 486 2659 οὗτος
508 2629 554 2656 οὖν
576 2640 620 2671 σοι
642 2626 656 2656 ὁ
679 2627 758 2666 λόγος
780 2629 863 2656 ἐκείνω
884 2629 940 2660 πῶς
964 2631 1022 2679 ξυν-

229 2681 333 2706 ᾳσεται,·
355 2668 513 2707 Οὖδαμῶς,’
506 2672 552 2706 εἰρῃ
572 2669 585 2698 ὁ
604 2672 722 2708 Σιμμίας.
767 2671 821 2698 Καὶ
837 2669 894 2708 μήν,
912 2671 928 2706 ἠ
946 2669 970 2698 δ
987 2671 1023 2704 ὅς,

898 150 1192 177 PLATONIS

1069 232 1160 267 πρέπει
1181 241 1210 267 γε
1232 232 1303 267 εἴπερ
1324 241 1360 266 τῳ
1382 228 1449 266 α’λλῳ
1470 228 1539 267 λόγῳ
1561 230 1662 266 ξυνῳδῴ
1683 227 1748 257 εἶναι
1768 241 1810 257 και
1829 230 1862 266 τῷ

1070 283 1129 324 περι
1148 270 1279 322 ἁρμονίας.
1322 273 1422 308 Πρέπει
1438 270 1497 309 γάρ,
1518 272 1565 307 ἔφη
1583 269 1597 300 ὅ
1615 272 1734 308 Σιμμίας.
1780 266 1863 302 Ουτος

1070 315 1162 345 τοίνυν,
1182 314 1241 349 ἔφη,
1261 325 1305 341 σοι
1323 325 1353 341 ου
1371 312 1489 350 ξυνῳδός,
1509 311 1560 341 αλλ
1578 313 1639 350 ὅρα·
1665 311 1779 350 πότερον
1796 313 1865 350 αἱρεῖ

1070 356 1120 383 τῶν
1141 354 1237 393 λόγων,
1260 354 1305 390 τὴν
1325 354 1447 392 μάθησιν
1469 353 1613 392 ἇναμνησιν
1633 353 1710 387 εἶναι,
1737 353 1752 389 ἢ
1778 354 1864 391 ψυχὴν

1071 396 1208 434 ἆρμονίαν;
1235 397 1311 425 Πολὺ
1331 398 1441 434 μαλλον,
1465 398 1524 433 ἔφη,
1548 400 1655 429 ἐκεῖνον,
1678 408 1698 424 ω
1719 395 1863 434 Σωκρατες.

1071 440 1114 467 οδε
1135 441 1182 476 μὲν
1202 437 1254 476 γάρ
1275 451 1321 476 μοι
1337 441 1442 477 γέγονεν
1460 437 1521 467 ἄνευ
1539 437 1694 470 ἀποδείξεως
1709 437 1775 475 μετὰ
1793 437 1861 466 εἷκό-

1070 492 1115 512 τος
1132 480 1202 512 τινος
1219 481 1262 508 καὶ
1281 487 1284 501 ¹
1304 479 1464 518 εὐπρεπείας,
1484 481 1552 509 ι’)θεν
1569 481 1613 508 καὶ
1626 483 1681 511 τοῖς
1693 482 1801 511 πολλοῖς
1815 480 1860 508 δο-

1069 526 1109 551 κεῖ
1126 521 1290 560 ανθρωποις”
1310 522 1359 560 ἐγὼ
1378 524 1404 550 δὲ
1422 526 1476 553 τοῖς
1491 522 1532 550 διὰ
1547 523 1598 550 τῶν
1611 521 1717 550 εἰκότων
1731 521 1778 553 τὰς
1792 519 1861 550 ἄπο-

1071 566 1158 596 δείξεις
1174 567 1339 614 ποιουμένοις
1355 563 1443 602 λογοις
1461 563 1565 596 ξυνοιδα
1584 564 1658 592 οὖσιν
1676 561 1796 596 ἇλαζόσι,
1820 576 1861 591 και

1071 619 1103 634 αν
1128 617 1166 637 τις
1190 604 1284 638 αὐτοὺς
1305 606 1340 644 μὴ
1364 605 1534 659 φυλάττηται,
1561 606 1589 633 εὖ
1611 604 1681 654 μάλα
1707 606 1862 637 ἐξαπατῶσι,

1071 649 1114 676 καὶ
1132 652 1158 676 ἐν
1174 650 1314 696 γεωμετρίᾳ
1332 649 1376 676 καὶ
1394 651 1419 675 ἐν
1437 651 1492 678 τοῖς
1507 646 1593 678 α’λλοις
1608 647 1714 675 ἅπασιν.
1733 646 1748 675 ὁ
1764 648 1791 675 δὲ
1805 648 1864 685 περὶ

1071 691 1114 725 τῆς
1137 688 1302 727 ἆναμιήσεως
1323 691 1366 718 καὶ
1387 689 1532 727 μαθήσεως
1554 689 1633 727 λόγος
1656 687 1686 717 δι’
1707 687 1865 720 υποθέσεως

1072 731 1145 763 ἀξίας
1168 730 1355 781 ιιποδέξασθαι
1376 735 1480 769 εἲρηται.
1514 730 1614 781 ἐρρήθη
1635 730 1686 769 γάρ
1709 743 1762 759 που
1783 742 1865 762 ουτως

1071 773 1141 811 ἡμῶν
1158 773 1194 802 εἶν
1197 786 1223 801 αι
1240 773 1255 809 ἦ
1273 774 1343 811 ψυχὴ
1361 775 1404 801 καὶ
1421 774 1482 811 πρὶν
1499 773 1535 804 εἷς
1553 774 1627 810 σῶμα
1644 771 1796 809 ἀφικέσθαι,
1814 773 1862 804 ὤς-

1071 828 1119 862 περ
1142 814 1220 850 αὖτῃς
1243 817 1311 844 ἔστιν
1332 828 1347 851 ῃ
1371 813 1449 844 ουσία
1473 816 1570 863 ἔχουσα
1592 814 1637 850 τὴν
1659 816 1803 852 ἐπωνυμίαν
1818 814 1865 850 τὴν

1071 859 1118 886 τοῦ
1142 856 1158 885 3
1183 859 1258 885 ἒ’.στιν
1293 857 1341 895 ἐγώ
1365 863 1369 877 ¹
1394 858 1419 885 δὲ
1443 869 1549 892 ταυτην,
1577 855 1611 888 ὦς
1634 856 1745 893 ἐμαυτὸν
1767 858 1863 889 πείθω,

1072 900 1164 930 ἱκανῶς
1186 911 1212 927 τε
1234 911 1278 927 και
1300 898 1392 946 ὀρθῶς
1414 897 1594 937 αποδὲδεγμαι.
1623 911 1721 937 αναγκῃ
1743 910 1790 927 ουν
1809 910 1863 936 μοι,

1072 940 1106 973 ὦς
1124 942 1200 974 ἔοικε,
1220 941 1262 969 διὰ
1280 953 1362 969 ταυτα
1379 940 1442 978 μήτε
1461 941 1572 978 ἐμαυτοῦ
1588 940 1651 978 μήτε
1670 939 1749 969 α’λλου
1767 939 1862 969 ἀποδέ-

1069 986 1171 1018 χεσθαι
1192 985 1324 1033 λέγοντος,
1346 982 1381 1014 ὦς
1400 993 1470 1020 ψυχη
1493 986 1562 1011 ἐστιν
1580 981 1697 1020 ἁρμονία.
1741 988 1815 1010 XLII
1834 984 1866 1010 Τί

1072 1026 1106 1058 δέ,
1124 1026 1140 1060 ἠ
1158 1023 1182 1052 δ
1200 1026 1276 1058 ος,ω
1293 1027 1399 1062 Σιμμία,
1418 1026 1490 1062 τῇδες
1510 1026 1580 1053 δοκεῖ
1597 1036 1641 1053 σοι
1659 1023 1768 1076 ἁρμονίᾳ
1785 1023 1802 1060 ἢ
1817 1023 1862 1052 ἅλ-

1071 1070 1102 1104 λι]
1125 1079 1174 1095 τινι
1197 1069 1322 1095 συνθέσει
1343 1066 1478 1104 προς-ήκειν
1500 1066 1580 1098 α’λλως
1601 1078 1656 1098 πως
1678 1068 1742 1102 ἔχειν
1759 1071 1772 1085 *
1793 1065 1810 1102 ἢ
1831 1064 1865 1098 ὧς

1073 1109 1104 1137 ἂν
1123 1112 1205 1137 ἐκεῖνα
1223 1110 1279 1146 ἔχῃ,
1304 1111 1330 1141 ἐξ
1347 1111 1382 1137 ὡν
1401 1109 1432 1137 ἂν
1450 1111 1595 1147 ξυγκέῃταις
1624 1107 1754 1146 Οὐδαμῶς.
1801 1106 1866 1137 Οὐδὲ

1070 1151 1120 1188 μὴν
1136 1155 1221 1180 ποιεῖν
1237 1163 1273 1184 τι,
1296 1149 1330 1183 ὥς
1348 1153 1454 1201 ἒγωμαι,
1478 1149 1537 1180 ουδέ
1554 1163 1578 1179 τι
1595 1150 1705 1186 πάσχειν
1723 1149 1784 1179 α’λλο
1803 1148 1864 1199 παρ’

1073 1192 1089 1220 α’
1115 1192 1147 1221 ἂν
1170 1196 1253 1222 ἐκεῖνα
1276 1192 1291 1229 ἢ
1315 1195 1378 1230 ποιῇ
1401 1192 1417 1229 ἢ
1440 1205 1539 1230 πασχῃ.
1582 1195 1689 1229 Ξυνέφῃ.
1735 1191 1787 1221 Οὐκ
1813 1191 1865 1230 ἀρα

1071 1234 1200 1274 ἡγεῖσθαί
1214 1247 1244 1274 γε
1261 1234 1382 1273 προςήκει
1399 1234 1525 1273 αρμονίαν
1539 1234 1645 1267 τούτων,
1664 1237 1691 1267 ἐξ
1708 1230 1776 1263 ὦν’“
1759 1246 1791 1262 αν
1805 1236 1863 1267 ξυν-

1072 1278 1154 1315 τεθῂ,
1185 1275 1238 1305 ἄλλ’
1265 1278 1388 1306 ἕπεσθαι.
1432 1276 1571 1307 Ξυνεδόκει.
1614 1277 1723 1305 Πολλοῦ
1750 1275 1801 1314 ἄρα
1828 1277 1868 1305 δεῖ

1073 1321 1173 1348 ἐναντία
1190 1331 1220 1358 γε
1236 1318 1361 1357 ἇρμονίαν
1375 1320 1513 1355 κινηθῆναι
1526 1318 1542 1355 ἢ
1556 1317 1759 1357 φθέγξασθαι)
1748 1331 1764 1354 η
1778 1331 1803 1347 τι
1818 1316 1864 1346 ἆλ-

1072 1364 1101 1390 λο
1121 1363 1309 1397 ἐναντιωθῆναι
1326 1365 1382 1393 τοῖς
1399 1360 1477 1397 αὐτῆς
1492 1364 1602 1414 μέρεσιν.
1645 1362 1753 1389 Πολλοῦ
1769 1362 1864 1398 μέντοι,

1074 1406 1128 1440 ἔφη.
1170 1405 1202 1432 Τί
1218 1404 1256 1437 δές
1276 1402 1324 1439 οὐχ
1342 1403 1424 1435 ου’τως
1441 1402 1551 1441 ἁρμονία
1566 1405 1678 1440 πέφυκεν
1691 1407 1757 1431 εἰναι
1770 1401 1866 1438 ἑκάστη

1073 1444 1192 1499 ἁρμονία,
1211 1457 1245 1477 ως
1262 1444 1294 1473 ἂν
1312 1444 1453 1483 ἆρμοσθῆς
1474 1444 1511 1474 Οὗ
1524 1444 1663 1482 μανθανω,
1683 1446 1737 1498 ἔφη.
1768 1443 1807 1472 ’Ἡ
1819 1443 1864 1473 οὗ·

1069 1501 1105 1523 χι,
1123 1489 1138 1523 ἠ
1158 1494 1162 1509 ¹
1182 1486 1206 1516 δ’
1224 1488 1264 1521 ὅς,
1285 1487 1316 1516 ἂν
1332 1490 1379 1525 μὲν
1395 1489 1494 1526 μᾶλλον
1512 1486 1641 1525 ἇρμοσθῇ
1658 1488 1702 1515 καὶ
1720 1487 1761 1515 ἐπι
1776 1489 1864 1520 πλέον,

1072 1533 1143 1568 ειπερ
1162 1531 1288 1566 ἑιδέχεται
1304 1531 1382 1559 τοῦτο
1400 1531 1553 1580 γίγνεσθαι,
1570 1528 1669 1567 μᾶλλόν
1686 1541 1713 1558 τε
1732 1528 1764 1557 όίν
1782 1527 1864 1571 ἅρμο-

1073 1574 1114 1601 νία
1131 1575 1169 1608 εἴη
1187 1585 1230 1600 και
1247 1574 1347 1605 πλείων,
1366 1572 1389 1600 εἲ
1407 1570 1431 1599 δ
1441 1571 1519 1607 ἡττόν
1536 1584 1563 1600 τε
1580 1584 1624 1614 και
1638 1569 1676 1600 επ’
1688 1572 1801 1604 ἔλαττον,
1819 1583 1865 1619 ητ·

1074 1613 1119 1643 τόν
1140 1626 1167 1643 τε
1189 1615 1233 1642 καὶ
1255 1613 1377 1647 ἔλαττων,-
1404 1614 1482 1642 Πάνυ
1502 1626 1540 1652 γε.
1583 1615 1617 1642 'H
1637 1614 1684 1642 οὐν
1706 1614 1761 1642 ἔστι
1787 1614 1865 1642 τοῦτο

1072 1668 1132 1709 περι
1151 1655 1248 1709 ψυχην,
1275 1656 1336 1688 ὥςτε
1358 1657 1402 1684 καὶ
1422 1655 1489 1685 κατὰ
1511 1656 1541 1685 τὸ
1570 1655 1744 1694 σμικρότατον
1768 1656 1868 1693 μᾶλλον

1073 1701 1161 1737 ἑτέραν
1178 1701 1266 1737 ἑτέρας
1287 1703 1300 1717 *
1317 1709 1402 1752 ψυχην
1420 1703 1433 1716 *
1454 1699 1538 1748 ψυχῆς
1555 1699 1597 1726 επὶ
1613 1700 1693 1727 πλέον
1709 1699 1753 1726 καὶ
1768 1698 1868 1736 μᾶλλον

1072 1740 1088 1777 ἢ
1116 1739 1154 1769 ἐπ’
1176 1742 1282 1769 ἔλαττον
1307 1742 1351 1769 καὶ
1373 1742 1452 1777 ἡττον
1475 1739 1539 1769 αυτὸ
1563 1741 1642 1769 τουτο
1666 1739 1742 1773 εἶναι,
1769 1739 1866 1790 ψυχήν;

1076 1781 1138 1812 Ουδ
1160 1781 1314 1816 ὄπωςτιοῦν,
1339 1785 1393 1820 ἔφη.
1441 1785 1505 1821 Φέρε
1527 1782 1601 1819 δή,’
1593 1784 1652 1819 εφη,
1674 1781 1742 1820 πρὸς
1764 1781 1837 1814 Διός·
1862 1787 1866 1803 ¹

1073 1828 1173 1864 λέγεται
1189 1825 1259 1863 ψυχὴ
1275 1838 1292 1875 η
1308 1828 1355 1863 μὲν
1371 1826 1434 1854 νοῦν
1451 1837 1477 1853 τε
1497 1826 1561 1861 ἔχειν
1578 1837 1622 1853 και
1639 1823 1732 1862 αρετὴν
1745 1836 1788 1852 και
1803 1822 1869 1852 εἶναι

1074 1866 1175 1906 ἀγαθή,
1193 1867 1209 1903 ἡ
1227 1868 1254 1896 δὲ
1273 1866 1364 1896 α’νοιοὶν
1381 1879 1408 1896 τε
1426 1868 1470 1895 καὶ
1485 1869 1637 1905 μοχθηρίαν
1654 1867 1698 1894 καὶ
1711 1871 1776 1895 εἶναι
1790 1865 1868 1902 κακής

1073 1923 1117 1938 και
1133 1911 1216 1938 ταῦτα
1235 1907 1342 1945 ἀληθῶς
1359 1912 1470 1948 λέγεται,·
1488 1910 1606 1945 Λληθῶς
1618 1911 1713 1947 μέντοι
1750 1909 1808 1937 Τῶν
1822 1909 1869 1937 οὖν

1073 1954 1216 1990 τιθεμένων
1236 1951 1322 1990 ψυχὴν
1344 1951 1470 1989 ἁρμονίαν
1491 1963 1556 1980 ειναι
1577 1953 1603 1979 τί
1622 1962 1660 1983 τις
1682 1949 1761 1988 φήσει
1784 1951 1868 1979 ταῦτα

1074 1993 1138 2023 όντα
1155 1998 1220 2022 εἰναι
1237 1997 1263 2022 ἐν
1280 1997 1337 2025 ταῖς
1353 1997 1457 2031 ψυχαῖς,
1480 1992 1525 2029 τήν
1542 2005 1569 2021 τε
1588 1991 1680 2031 ἀρετὴν
1696 1993 1741 2021 καὶ
1756 1991 1803 2029 τὴν
1819 2005 1866 2021 κα-

1073 2049 1143 2070 κιαν,·
1169 2035 1282 2074 πότερον
1304 2034 1430 2087 ἁρμονίαν
1452 2037 1485 2064 αὐ
1506 2048 1563 2064 τινα
1586 2035 1664 2071 ἄλλην
1684 2036 1728 2063 καὶ
1750 2033 1866 2088 ἀναρμο-

1075 2080 1161 2112 στίανς
1187 2091 1232 2106 και
1248 2079 1294 2114 τὴν
1309 2081 1357 2116 μὲν
1373 2076 1524 2116 ηρμόσθαι,
1542 2077 1587 2113 τὴν
1605 2076 1724 2116 αγαθήν,
1743 2078 1787 2105 καὶ
1805 2077 1869 2112 ἔχειν

1074 2125 1100 2149 ἐν
1123 2120 1187 2158 αὗτῃ
1207 2119 1316 2158 ἇρμονίᾳ
1335 2132 1402 2158 ουση
1421 2119 1499 2156 α’λλην
1517 2118 1655 2157 ἆρμονίαν,
1677 2119 1723 2155 τὴν
1740 2120 1768 2148 δὲ
1786 2117 1866 2157 ἄναρ-

1072 2175 1174 2201 μοστον
1196 2161 1275 2198 αυτήν
1295 2174 1322 2191 τε
1344 2167 1409 2191 εἶναι
1429 2163 1474 2190 καὶ
1495 2160 1541 2191 οὖκ
1565 2163 1629 2197 ἔχειν
1651 2165 1677 2190 έν
1694 2159 1760 2198 αὗτῆ
1778 2159 1867 2210 ἇλληνς

1077 2203 1128 2234 Οὐκ
1138 2206 1200 2254 {nm²
1202 2206 1304 2255 ἔγωγε,
1327 2206 1375 2241 ἔφη
1392 2203 1407 2233 ὅ
1425 2205 1548 2242 Σιμμίας,
1570 2204 1662 2232 εἰπεῖν·
1690 2204 1766 2239 δῆλον
1783 2203 1838 2231 δὲ’
1828 2203 1869 2231 ότι

1074 2245 1170 2276 τοιαῦτ’
1189 2245 1242 2275 ἅττ
1264 2246 1296 2276 α“ν
1316 2249 1387 2285 λέγοι
1408 2245 1423 2275 ὃ
1447 2250 1526 2275 ἐκεῖνο
1550 2252 1554 2267 ¹
1576 2244 1750 2287 ὗποθὲμενος.
1793 2244 1867 2274 Αλλὰ

1073 2288 1303 2342 προωμολόγηται,
1323 2290 1382 2337 ἔφη,
1399 2290 1479 2326 μηδὲν
1493 2289 1593 2326 μᾶλλον
1608 2286 1669 2326 μηδ
1685 2289 1763 2323 ἦττον
1780 2289 1869 2325 ἑτέραν

1074 2334 1162 2370 ἑτέρας
1176 2331 1263 2369 ψυχὴν
1276 2332 1361 2369 ψυχῆς
1377 2343 1449 2359 ειναι.
1475 2331 1554 2359 ταῦτα
1573 2328 1597 2358 δ’
1616 2331 1670 2358 ἐστι
1687 2328 1717 2358 τό
1737 2328 1866 2368 ὁμολόγη-

1073 2386 1154 2411 μα,μ
1135 2374 1214 2411 μηδὲν
1229 2375 1328 2426 μᾶλλοι
1344 2371 1405 2411 μηδ
1423 2373 1464 2402 ἐπι
1480 2375 1559 2401 πλέον
1574 2373 1638 2410 μηδὲ
1654 2373 1732 2408 ἦττον
1747 2369 1808 2413 μηδ’
1829 2369 1866 2399 ἐπ’

1075 2418 1182 2444 ελαττον
1199 2417 1288 2454 πέραν
1302 2417 1389 2454 ἑτέρας
1404 2413 1530 2453 ἆρμονιάν
1546 2413 1670 2452 ἁρμονίας
1684 2426 1756 2442 ειναι.
1773 2414 1789 2450 ἢ
1802 2425 1867 2452 γαρ,-

1074 2457 1152 2487 Πανυ
1168 2470 1205 2509 γε.
1239 2457 1291 2494 Τὴν
1309 2459 1336 2487 δέ
1351 2470 1381 2496 γε
1397 2458 1476 2496 μηδὲν
1491 2458 1590 2494 μᾶλλον
1605 2457 1698 2494 μηδὲ
1685 2452 1764 2492 ἦττον
1782 2454 1865 2493 ἆρμο-

1075 2502 1131 2529 νίαν
1148 2501 1232 2529 οὖσαν
1247 2501 1312 2538 μηδὲ
1327 2500 1427 2538 μᾶλλον
1441 2499 1534 2549 μηδὲ
1521 2511 1600 2535 ηττον
1620 2497 1765 2540 ἡρμόσθαι.
1799 2499 1868 2526 ἔστιν

1075 2553 1168 2576 ουτωςς
1186 2541 1279 2571 Ἔστιν.
1320 2541 1356 2570 ‘H
1371 2544 1398 2571 δὲ
1414 2553 1477 2591 μητε
1493 2542 1592 2578 μᾶλλον
1607 2538 1674 2578 μήθ
1689 2541 1768 2575 ἡττον
1783 2538 1865 2578 ἥρμο-

1075 2587 1153 2623 σμένῃ
1171 2586 1241 2613 ἔστιν
1258 2585 1274 2613 ὅ
1291 2597 1315 2614 τι
1331 2584 1436 2613 πλέον’
1426 2583 1443 2619 η“
1461 2585 1567 2612 ἔλαττον
1585 2582 1709 2621 ἁρμονίας
1724 2584 1834 2620 μετέχει,
1851 2579 1867 2617 ἢ

1074 2627 1104 2657 τὸ
1124 2629 1196 2661 ἷ’σον,·
1215 2626 1252 2655 Τὸ
1271 2630 1337 2656 ἴσον.
1375 2624 1474 2656 Οὐκοῦν
1491 2624 1561 2663 ψυχὴ
1581 2631 1585 2646 ¹
1605 2624 1690 2660 ἐπειδὴ
1709 2622 1784 2653 οὐδὲν
1799 2624 1866 2662 μᾶλ-

1074 2673 1121 2698 λον
1138 2667 1198 2698 οὐδὲ
1215 2665 1292 2705 ἧττον
1311 2669 1373 2705 ι’ἱλλη
1392 2667 1467 2704 ἄλλης
1485 2666 1549 2696 αυτὸ
1571 2668 1662 2700 τοῦτο,
1685 2665 1767 2705 ψυχή,
1791 2669 1867 2699 ἐστιν,

1890 1071 1914 1089 93
