1998 3084
138 1385 173 1401 ⁴:10

168 2448 184 2465 Ι)

197 160 246 185 34¹2

196 248 256 268 νους
273 238 354 264 κέλευε
374 234 523 265 αἶτιὶἱσθαι,
543 230 606 259 αλλὰ
624 231 658 268 μὴ
675 230 737 262 τοὺς
755 234 876 261 ἐπιεικεῖς.
896 228 926 258 οὗ
941 229 992 279 γὰρ

196 281 245 314 ἔχει
266 277 344 325 φύσιν
366 274 517 312 κυβερνήτην
538 273 637 301 ναυτῶν
659 274 767 301 δεῖσθαι
790 271 923 309 α’ρχεσθαι
948 271 990 307 ὑφ’

197 321 276 348 αὑτοῦ
296 318 355 347 ουδὲ
373 318 433 348 τοὺς
451 316 552 352 σοφοὺς
570 316 611 343 ἐπι
629 314 675 346 τὰς
691 314 742 342 τῶν
759 315 890 342 πλουσίων
905 313 993 350 θύρας

198 370 201 382 “
222 363 294 394 ἱέναι,
314 359 365 388 ἆλλ
387 372 401 387 ο
422 359 498 387 τοῦτο
520 367 735 394 κομψευσαμενος
757 355 897 393 ἐψεύσατο,
916 355 945 383 τὸ
966 356 992 383 δὲ

197 403 295 438 ἀληθὲς
312 405 430 438 πέφυκεν,
450 400 494 428 ἑαιι
512 412 538 428 τε
556 399 682 430 πλούσιος
701 398 745 426 ἐαν
762 410 789 426 τε
806 401 883 433 πένης
900 396 991 445 κάμνῃ,

197 445 340 484 αναγκαῖοι
365 449 429 472 εἰναι
456 444 497 470 ἐπὶ
524 442 619 479 ἶατρῶν
646 440 733 478 θύρας
756 441 820 468 ἰέναι
841 441 885 468 καὶ
906 438 992 467 πάντα

196 488 242 516 τὸν
260 487 394 524 ἄρχεσθαι
412 484 533 522 δεόμενον
551 484 592 512 ἐπι
610 482 657 514 τὰς
674 482 720 511 τοῦ
739 481 826 534 ἆίρχειν
844 483 992 519 δυναμένου,

197 529 228 558 οὐ
250 529 295 558 τὸν
323 528 437 565 α’ρχοντα
464 528 573 555 δεῖσθαι
599 525 650 554 τῶν
677 523 824 563 ἀρχομένων
851 523 992 562 α’ρχεσθαι,

197 574 228 601 οὑ
246 584 278 599 αν
295 571 326 608 τῇ
346 570 456 605 ἀληθείᾳ
474 581 498 597 τι
517 568 610 604 όφελος
627 569 651 605 ᾑ
670 566 734 595 ἀλλὰ
752 567 813 598 τοὺς
830 566 875 595 νῦν
892 568 990 594 πολιτι-

198 614 258 645 κους
280 613 408 651 ἄρχοντας
431 610 573 643 ἀπεικάζων
595 621 633 641 οις
661 608 718 659 α’ρτι
745 612 863 658 ελέγομεν
888 607 993 638 ναύταις

198 669 244 691 ουχ
264 654 413 692 ἁμαρτήσει,
432 654 476 681 καὶ
494 653 554 684 τοὺς
569 652 622 680 ὑπὸ
641 651 739 680 τούτων
758 650 903 689 ἀχρήστους
917 652 991 688 λεγο-

195 701 286 736 μένους
307 711 351 725 και
371 698 582 747 μετεωρολέσχας
600 698 654 725 τοῖς
680 705 713 725 ως
740 692 846 728 αληθῶς
872 690 991 729 κυβερνή-

197 751 259 772 ταις.
301 738 462 777 Ὀρθότατα,
482 739 536 774 ἔφη
577 736 619 764 Ἐκ
638 749 663 764 τε
688 738 773 764 τοίνυν
790 734 889 764 τούτων
906 736 950 762 καὶ
969 738 994 761 ἐν

197 782 299 814 τούτοις
317 780 348 810 οὗ
366 781 456 819 ῥᾳδιον
473 779 614 816 ευδοκιμεῖν
636 778 665 806 τὸ
691 779 822 815 βέλτιστον
841 776 994 813 ἐπιτήδευμα

153 833 157 850 ¹
195 825 247 853 υπὸ
266 825 316 853 τῶν
338 822 460 852 τάναντία
485 820 694 857 ἐπιτηδευόντων,
724 827 727 841 ¹
754 819 822 848 πολὺ
844 821 871 848 δέ
887 821 995 857 μεγίστη

197 869 240 895 καὶ
262 865 419 904 ἰσχυροτάτη
443 864 548 901 διαβολὴ
571 865 684 902 γίγνεται
705 864 849 899 φιλοσοφίᾳ
872 861 914 889 διὰ
936 872 996 892 τους

197 909 229 938 τὰ
248 909 355 938 τοιαῦτα
374 907 526 944 φάσκοντας
543 904 704 941 ἐπιτηδεύειν,
724 916 769 936 ους
787 904 816 939 δὴ
835 903 868 932 σὺ
885 903 937 940 φὴς
951 903 997 931 τὸν

199 951 356 990 ἐγκαλοῦντα
383 950 414 987 τῇ
440 950 583 985 φιλοσοφία
611 950 691 986 λέγειν
717 958 751 978 ως
775 945 944 983 παμπόνηροι
971 946 997 974 οῖ

197 997 315 1022 πλεῖστοι
342 994 392 1021 τῶν
418 991 509 1020 ιόντων
536 989 572 1018 ἐπ’
598 989 687 1025 αὐτήν,
716 990 741 1018 οἱ
763 990 790 1017 δὲ
813 991 997 1017 ἐπιεικέστατοι

199 1036 337 1074 ἄχρηστοι,
364 1035 407 1063 καὶ
434 1033 482 1072 ἐγὼ
510 1032 678 1070 συνεχώρησα
706 1030 793 1067 ἇληθῆ
817 1043 846 1060 σε
869 1033 954 1069 λέγειν.
982 1043 997 1065 η

197 1079 261 1132 γιέρ;
291 1079 353 1105 Ναί.
398 1083 426 1104 V.
452 1074 552 1105 Ούκοῦν
573 1074 617 1110 τῆς
637 1077 684 1112 μὲν
705 1074 756 1102 τῶν
778 1073 893 1102 ἐπιεικῶν
916 1071 995 1111 ἀχρη-

199 1124 273 1153 στιας
293 1120 338 1156 τὴν
362 1120 446 1148 αιτίαν
469 1117 675 1171 διεληλύθαμενς
695 1117 751 1145 Καὶ
776 1115 854 1154 μάλα
899 1115 950 1151 Τῆς
971 1116 997 1143 δὲ

198 1164 249 1192 τῶν
274 1162 377 1192 πολλῶν
402 1163 528 1198 ποτηρίοις
553 1160 599 1195 τὴν
625 1157 739 1198 ἆναγκην
765 1157 850 1196 βούλει
876 1157 906 1186 τὸ
932 1156 997 1195 μετὰ

199 1206 277 1235 τοῦτο
301 1206 455 1241 διέλθωμεν,
478 1203 521 1230 καὶ
543 1202 583 1231 ὅτι
601 1200 660 1231 οὖδὲ
678 1200 774 1230 τούτου
790 1202 935 1237 φιλοσοφία
955 1200 995 1227 αἷ-

199 1251 252 1281 τία,
282 1254 286 1269 ¹
315 1246 346 1275 ἄν
368 1245 520 1283 δυνώμεθα,
547 1243 717 1282 πειραθῶμεν
738 1245 831 1277 δεῖξαι;
859 1241 936 1271 Πανυ
952 1244 999 1279 μὲν

200 1292 252 1320 οὐν.
296 1289 439 1326 Λκούωμεν
457 1287 486 1322 δὴ
505 1300 548 1315 και
565 1290 676 1325 λέγωμεν
693 1290 796 1314 ἐκεῖθεν
814 1284 997 1322 ἆναμνησθέν-

199 1345 252 1365 τες,
276 1332 343 1361 ὅθεν
366 1332 453 1368 διῇμεν
475 1330 520 1365 τὴν
541 1328 631 1366 φύσιν,
655 1333 712 1357 οἱον
735 1341 833 1366 αναγκη
856 1327 936 1364 φῦναι
953 1326 999 1355 τὸν

200 1374 279 1404 καλόν
296 1387 323 1403 τε
341 1372 466 1412 καγαθὸν
485 1371 615 1409 ἐσόμεναοι
644 1370 768 1410 *ἡγεῖτο
787 1369 810 1398 δ
829 1368 906 1407 αύτῷ,
925 1370 947 1398 εἰ
965 1369 999 1406 ms)

201 1420 271 1454 ε’χεις,
290 1417 395 1464 πρῶτον
411 1418 458 1453 μὲν
476 1413 601 1450 ἆληθεια,
624 1413 655 1449 ἢν
677 1412 774 1442 διώκειν
797 1411 876 1441 αὐτὸν
897 1422 1000 1442 παντως

201 1474 244 1489 και
261 1472 314 1487 παπ
317 1472 347 1496 τη
366 1457 446 1486 ἕ”δει
432 1471 446 1493 7]
466 1456 569 1490 αλαζόνι
591 1455 646 1485 όιιτι
666 1456 771 1493 μηδαμῇ
791 1459 905 1493 μετεῖναι
922 1457 997 1503 φιλο-

203 1505 298 1539 σοφίας
317 1500 449 1536 αληθινῆς.
495 1501 540 1527 'Ila'
556 1512 607 1538 γαρ
627 1499 696 1548 ου’τωι
712 1497 857 1536 λεγόμενον.
901 1495 1000 1525 Ουκοῦν

203 1558 229 1574 εν
249 1548 296 1583 μὲν
318 1557 394 1572 τουτο
419 1542 523 1580 σφόδρα
543 1541 610 1570 οὕτω
628 1554 701 1578 παρα
721 1540 801 1573 δόξαν
818 1543 874 1571 τοῖς
891 1539 935 1568 νῦν
954 1540 998 1567 δο-

202 1598 334 1625 κουμενοις
356 1598 414 1623 περι
437 1583 530 1618 αυτοῦ;
557 1585 612 1612 Και
633 1583 715 1621 μαλα,
740 1584 794 1620 ἔφη.
835 1578 886 1620 Ἆρ’
908 1582 954 1610 οὖν
972 1581 1001 1616 δη

204 1644 234 1659 ου
251 1631 358 1667 μετρίως
378 1626 620 1678 απολογησόμεθα,
644 1626 684 1654 ὅτι
701 1626 767 1664 πρὸς
784 1624 814 1654 τὸ
835 1624 865 1653 ὂν
882 1623 1002 1661 πεφυκὼς

203 1677 241 1709 εἴη
260 1671 423 1710 ἁμιλλᾶσθαι
446 1670 461 1698 ό
482 1682 511 1708 γε
534 1668 614 1700 όντως
631 1667 791 1706 φιλομαθής,
814 1668 857 1695 καὶ
880 1665 926 1696 ούκ
945 1670 999 1694 ἐπι-

202 1718 274 1754 μένοι
292 1715 333 1742 ἐπι
355 1717 410 1745 τοῖς
432 1714 611 1749 δοξαζομένοις
632 1709 697 1739 εἶναι
720 1717 723 1731 ¹
746 1713 854 1742 πολλοῖς
875 1708 1001 1740 ἑκαστοις,

205 1756 256 1786 αλλ’
277 1770 310 1785 ιοι
333 1769 376 1784 και
400 1754 445 1784 οὐκ
469 1753 623 1792 ἀμβλύνοιτο
647 1752 703 1782 οὗδ
725 1751 854 1791 ἀπολήγοι
872 1751 919 1780 τοῦ
938 1753 999 1789 ἔρω-

204 1811 256 1833 τος,
274 1811 334 1836 πριν
350 1796 430 1826 αὐτοῦ
449 1797 464 1826 ὃ
483 1798 551 1825 ἐστιν
566 1796 678 1824 ἑκάστου
692 1795 736 1831 τῆς
752 1806 855 1832 φυσεως
873 1794 1003 1831 α’ψασθαι

205 1845 224 1880 ᾡ
241 1853 361 1880 προςήκει
378 1840 462 1882 ψυχῆς
480 1838 650 1876 ἐφαπτεσθαι
668 1839 715 1867 τοῦ
732 1836 864 1866 τοιούτου
883 1835 1003 1886 προςήκει

205 1873 231 1913 δὲ
254 1887 379 1922 Evyyevef
407 1884 427 1910 ὡ
448 1881 596 1918 πλησιασας
618 1894 661 1908 και
681 1892 763 1919 μιγεις
783 1880 819 1917 τῷ
841 1878 895 1908 όντι
914 1878 994 1910 όνῐως

204 1926 330 1966 γεννήσας
357 1926 418 1954 νοῦν
444 1925 487 1952 καὶ
507 1922 654 1977 αλήθειαν,
681 1925 754 1961 γνοίη
777 1934 803 1951 τε
825 1923 869 1950 καὶ
896 1920 1003 1957 αληθῶς

205 1969 253 2007 ζόη
271 1970 315 1997 καὶ
332 1970 453 2020 τρέφοιτο
472 1967 514 1994 καὶ
533 1965 600 1995 ου’τω
618 1965 691 2004 ληγοι
713 1963 817 1997 ὦὸῗνος,
840 1965 901 2002 πρὶν
919 1962 943 1991 δ
964 1962 1002 1992 ού.

203 2012 248 2044 Ὡς
266 2010 322 2040 οἷόν
339 2024 352 2039 τ
381 2012 440 2058 ἔφη,
462 2021 631 2046 μετριωτατα.
677 2010 709 2036 Τί
730 2008 788 2041 ούνς
811 2006 894 2044 τούτῳ
915 2018 940 2034 τι
956 2018 1001 2043 με·

206 2058 295 2083 τέσται
311 2053 408 2091 ψεῦδος
424 2051 531 2090 αγαπᾶν
545 2050 560 2087 ἢ
575 2050 628 2078 πᾶν
643 2049 794 2079 τούναντίον
807 2053 905 2086 μισεῖνς
926 2054 929 2069 ¹
946 2054 1001 2076 Μι-

208 2101 270 2130 σεῖν,
291 2097 345 2133 ἔφη.
387 2094 544 2133 Ηγουμένης
562 2093 592 2129 δὴ
611 2091 738 2128 ἀληθείας
756 2105 802 2120 ουκ
822 2091 854 2119 ἄν
871 2103 943 2123 ποτε,
964 2095 1001 2119 οἰ-

205 2152 264 2178 μαι,
292 2150 388 2176 φαιμεν
411 2135 475 2174 αὐτῇ
494 2135 578 2189 χορὸν
599 2136 684 2163 κακῶν
707 2133 898 2170 ακολουθῆσαι
942 2132 1006 2164 Πῶς

206 2195 270 2221 γαρς
289 2179 350 2209 Λλλ’
366 2179 434 2218 ὑγιές
452 2191 478 2207 τε
496 2179 540 2206 καὶ
558 2179 655 2206 δίκαιον
672 2173 749 2213 ἦθος,
764 2179 783 2214 ᾠ
802 2189 845 2204 και
863 2187 1003 2213 σωφροσύ-

208 2237 252 2260 νην
275 2224 397 2251 ἔπεσθαι
439 2220 554 2259 Ορθῶς,
578 2222 633 2257 ἔφη
677 2220 733 2248 Και
755 2219 784 2255 δὴ
802 2218 849 2247 τὸν
867 2217 945 2246 α’λλον
962 2229 1006 2253 της

208 2265 359 2304 φιλοσόφου
376 2263 478 2300 φύσεως
493 2263 575 2301 χορὸν
593 2265 618 2291 τί
635 2264 673 2291 δεῖ
689 2261 767 2290 παλιν
785 2264 812 2294 ἐξ
828 2259 907 2299 ἀρχῆς
922 2273 1003 2298 αναγ-

209 2308 320 2342 καζοντα
337 2306 450 2339 τάττειν;
468 2309 595 2343 μέμνησαι
611 2318 662 2344 γαρ
680 2317 740 2337 που,
760 2303 799 2332 ότι
818 2304 907 2340 ξυνέβη
925 2314 1004 2340 προς-

210 2352 272 2388 ἧκον
289 2349 391 2380 τούτοις
409 2347 523 2386 αιιδρεία,
545 2350 766 2386 μεγαλοπρέπεια,
785 2344 924 2383 εὖμαθεια,
942 2343 1005 2382 μνή-

209 2407 251 2432 μη
270 2406 314 2421 και
332 2392 382 2420 σοῦ
400 2392 592 2434 ἐπιλαβομένου,
612 2389 652 2419 ὅτι
669 2390 722 2421 πᾶς
737 2391 784 2427 μὲν
800 2386 1005 2437 αναγκασθήσε-

211 2449 253 2465 ται
281 2443 284 2456 ¹
314 2434 463 2472 ομολογεῖιι,
491 2437 529 2464 οἱς
547 2435 667 2486 λέγομενέ
685 2431 765 2463 ἐασας
783 2432 810 2459 δὲ
827 2430 888 2462 τοὺς
905 2429 1006 2468 λόγους,

212 2480 247 2511 εἷς
274 2488 368 2509 αυτους
392 2475 544 2512 ἀποβλέψας
565 2487 623 2513 περι
646 2476 681 2502 ὠν
704 2473 718 2503 ὁ
740 2474 830 2512 λογος,
857 2474 921 2510 φαίη
943 2471 1008 2509 ὁρᾶν

215 2520 300 2550 αὐτῶν
321 2530 382 2551 τους
401 2521 448 2556 μὲν
471 2516 626 2555 ἀχρήστους,
650 2516 711 2548 τοὺς
733 2517 759 2544 δὲ
781 2515 894 2547 πολλοὺς
914 2514 1009 2546 κακοὺς

212 2563 303 2592 πᾶσαν
329 2563 431 2594 κακίαν,
459 2560 502 2596 τῆς
522 2559 569 2595 ἤδη
591 2560 711 2596 διαβολῆς
731 2559 776 2594 τὴν
798 2558 883 2586 αἰτίαν
902 2561 1006 2585 ἐπισκο-

212 2606 322 2637 ποῦντες
340 2605 381 2632 ἐπὶ
397 2602 480 2639 τούτῳ
498 2602 542 2631 νῦν
559 2600 713 2640 γεγόναμεν,
736 2603 762 2630 τί
781 2599 848 2629 ποθ’
870 2601 896 2629 οἱ
917 2600 1010 2628 πολλοὶ

214 2650 295 2681 κακοί,
314 2648 357 2675 καὶ
374 2645 470 2675 τούτου
488 2644 517 2680 δὴ
536 2645 606 2672 ἕνεκα
624 2643 701 2671 πάλιν
717 2642 886 2680 ἀνειλήφαμεν
900 2643 945 2678 τὴν
960 2640 1010 2670 τῶν

216 2690 323 2726 ἀληθῶς
339 2688 492 2726 φιλοσοφίαν
509 2686 588 2724 φύσιν
605 2687 648 2714 καὶ
667 2689 693 2718 ἐξ
715 2684 826 2724 ἀνάγκης
844 2684 1009 2723 ὡρισάμεθα.

1039 229 1130 261 Ἔστιν,
1155 230 1209 265 ἔφη,
1234 235 1238 249 ¹
1261 230 1350 258 ταῦτα.

1044 1071 1096 1100 Ἔτι
1114 1073 1211 1104 τοίνυν,

872 150 1166 178 PLATONIS

1395 237 1434 257 VI.
1455 229 1555 265 Ταύτης
1572 228 1609 264 δή,
1627 223 1657 263 ἦν
1675 226 1697 255 δ’
1719 226 1775 265 ἐγώ,
1796 227 1838 263 τῆς

1042 271 1144 308 φύσεως
1166 272 1205 298 δεῖ
1226 270 1388 300 θεάσασθαι
1406 272 1452 303 τὰς
1468 270 1590 309 φθορας,
1613 269 1647 301 ὦς
1665 269 1794 297 διόλλυται
1811 272 1838 297 ἐν

1042 316 1156 362 πολλοις),
1176 312 1284 349 σμικρὸν
1301 314 1328 341 δέ
1345 326 1368 342 τι
1386 314 1507 353 ἐκφεύγει,
1535 312 1580 344 ους
1598 313 1626 361 δη
1644 313 1687 340 καὶ
1706 310 1737 340 οὖ
1754 323 1835 361 πονη-

1043 354 1115 392 ρούς,
1140 352 1285 391 ἀχρήστους
1306 356 1332 383 δὲ
1354 356 1473 384 καλοῦσι’
1501 369 1544 384 και
1561 355 1625 392 μετὰ
1646 354 1721 382 τοῦτο
1742 354 1774 381 αὖ
1792 353 1839 384 τὰς

1042 399 1209 448 μιμουμένας
1216 395 1310 431 ταύτην
1328 400 1341 415 *
1358 398 1402 425 καὶ
1423 409 1458 429 εις
1479 398 1508 426 τὸ
1532 396 1684 433 ἐπιτήδευμα
1703 400 1836 424 καθιστα-

1042 441 1120 476 μένας
1146 436 1234 473 αὐτῆς,
1262 442 1315 466 οὶαι
1342 451 1418 467 ουσαι
1444 439 1534 476 φύσεις
1558 440 1648 476 ψυχῶν
1674 439 1710 469 εἰς
1732 436 1839 469 ἆναξιον

1044 493 1087 508 και
1108 482 1194 516 μεῖζον
1216 480 1313 508 ἑαυτῶν
1336 478 1518 518 αφικνούμεναι
1540 482 1701 518 ἐπιτηδευμα,
1720 479 1838 532 πολλαχῇ

1043 522 1250 559 πλημμελοῦσαι,
1277 522 1397 559 πανταχῇ
1423 535 1465 550 και
1492 524 1533 551 ἐπι
1558 534 1659 554 πανιας
1680 522 1760 554 δοξαν
1782 533 1840 550 οιαν

1044 567 1122 603 λέγεις
1143 565 1287 600 φιλοσοφία
1308 565 1452 602 προςῆψαν.
1498 567 1574 596 Τίνας
1591 566 1652 598 δέ,’
1644 566 1698 602 ἔφη,
1717 575 1764 595 τας
1782 565 1838 591 δια-

1043 605 1154 644 φθορὰς
1171 608 1261 644 λέγεις,·
1287 604 1350 644 Ἐγω
1369 618 1424 639 σοι,
1447 605 1531 640 εἷπον,
1542 619 1587 648 'aa‘
1604 605 1659 638 οἷός
1675 619 1703 635 τε
1719 609 1840 645 γένωμαι,

1044 648 1204 686 πειράσομαι
1226 649 1346 676 διελθεῖν
1372 647 1431 677 τόδε
1452 651 1499 686 μὲν
1521 661 1578 682 ουν,
1601 647 1684 686 οἶμαι,
1708 648 1761 680 πιῗς
1782 647 1841 697 ἡμῖν

1045 690 1213 728 ὁμολογήσει,
1236 690 1357 725 τοιαύτην
1377 690 1456 727 φύσιν
1478 691 1521 718 καὶ
1541 690 1627 719 πάντα
1650 692 1769 726 ἔχουσαν,
1789 689 1840 718 ὅσα

1045 732 1239 771 προςετιὶξαμεν
1256 733 1300 760 νῦν
1318 731 1355 767 δή,
1374 732 1397 761 εἰ
1411 735 1500 764 τελέως
1513 735 1599 770 μέλλοι
1613 732 1760 769 φιλόσοφος
1776 739 1779 753 ¹
1795 744 1839 770 γε-

1046 779 1151 807 νέσθαι,
1170 773 1285 813 ὀλιγάκις
1302 779 1328 802 ἐν
1346 773 1501 824 ἀνθρώποις
1517 774 1638 811 φύεσθαι
1655 776 1697 803 καὶ
1713 773 1808 813 ὀλίγας.
1826 773 1841 809 ἢ

1047 816 1093 847 οὐκ
1112 821 1172 850 οἶεις
1190 816 1301 854 Σφόδρα
1319 829 1355 855 γε.
1401 816 1506 846 Τούτων
1524 817 1554 852 δὴ
1571 818 1622 845 τῶν
1640 815 1732 856 ὀλίγων
1749 816 1842 845 σκόπει

1047 859 1080 891 ὦς
1106 860 1198 888 πολλοὶ
1226 858 1337 897 ὄλεθροι
1364 872 1407 887 και
1431 859 1547 898 μεγάλοι
1593 861 1663 890 Τίνες
1685 858 1728 894 δής
1749 858 1780 887 ‘0
1796 861 1843 900 μὲν

1046 914 1151 930 παντων
1174 901 1401 939 θαυμαστότατον
1423 900 1547 934 ακούσαι,
1572 900 1612 929 ὅτι
1635 914 1660 929 εν
1682 901 1791 930 ἕκαστον
1808 902 1844 928 ὠν

1049 947 1208 982 ε’πηνέσαμεν
1225 944 1269 979 τῆς
1286 943 1389 980 φύσεως
1411 942 1538 972 απόλλυσι
1559 943 1604 978 τὴν
1627 944 1739 979 ἔχουσαν
1759 942 1844 980 ψυχὴν

1047 989 1090 1016 καὶ
1109 986 1220 1023 ἀποσπᾷ
1237 988 1403 1023 φιλοσοφίας
1431 989 1494 1025 λέγω
1513 987 1539 1014 δὲ
1559 984 1684 1023 ἀνδρείαν,
1701 984 1842 1023 σωφροσύ-

1048 1042 1093 1065 νην
1108 1030 1150 1057 καὶ
1168 1041 1262 1061 παντα,
1283 1042 1299 1056 α
1318 1028 1467 1066 διήλθομεν
1508 1027 1629 1061 Ἄτοπον,
1649 1030 1704 1078 ἔφη,
1725 1026 1844 1056 ἆκοῧσαι.

1240 1077 1244 1092 ¹
1271 1067 1302 1107 ἦν
1323 1069 1347 1098 δ
1368 1070 1428 1109 ἐγω,
1455 1070 1522 1108 πρὸς
1543 1070 1645 1102 τούτοις
1666 1070 1699 1098 τὰ
1721 1068 1845 1108 λεγόμενα

1049 1113 1144 1153 ἀγαθὰ
1162 1126 1249 1142 παντα
1266 1115 1372 1163 φθείρει
1389 1126 1433 1141 και
1451 1112 1569 1149 αποσπᾷ,
1588 1112 1681 1144 καλλος
1702 1125 1746 1141 και
1762 1112 1843 1140 πλού-

1048 1168 1093 1188 τος
1110 1157 1153 1184 καὶ
1171 1155 1243 1192 ἲσχυς
1261 1167 1383 1193 σωματος
1399 1168 1442 1183 και
1460 1158 1590 1194 ξυγγένεια
1609 1157 1735 1194 ἐρρωμένη
1753 1158 1779 1183 ἐν
1793 1153 1843 1183 πό-

1048 1202 1085 1227 λει
1103 1211 1147 1227 και
1164 1211 1250 1227 παντα
1269 1198 1301 1227 τὰ
1319 1197 1418 1226 τούτων
1436 1198 1529 1226 οἰκεῖα
1550 1199 1613 1233 ἔχεις
1630 1210 1681 1236 γαρ
1699 1197 1745 1225 τὸν
1762 1196 1845 1225 τύπον

1049 1238 1085 1270 ὧν
1102 1244 1173 1280 λέγω.
1214 1240 1288 1279 Εγω,
1308 1242 1366 1277 ἔφη·
1385 1253 1429 1268 και
1445 1239 1523 1276 ἡδέως
1540 1239 1568 1282 γ’
1583 1239 1615 1268 ἂν
1633 1238 1840 1278 ακριβέστερον
1829 1251 1845 1266 α

1050 1286 1128 1322 λέγεις
1145 1284 1287 1320 πυθοίμην.
1331 1283 1425 1319 Λαβοῦ
1442 1284 1535 1315 τοίνυν,
1553 1283 1584 1318 ἠν
1602 1280 1625 1309 δ
1645 1281 1703 1320 ἐγώ,
1719 1281 1782 1310 ὅλου
1797 1279 1844 1309 αύ-

1049 1327 1096 1355 τοῦ
1116 1324 1213 1363 ὀρθῶς,
1232 1327 1277 1353 καί
1294 1337 1337 1354 σοι
1354 1324 1460 1360 εύδηλόν
1477 1337 1504 1353 τε
1521 1328 1641 1361 φανεῖται
1658 1337 1702 1353 και
1720 1322 1767 1353 ούκ
1782 1322 1845 1352 ἆτο-

1049 1381 1087 1396 πα
1106 1368 1175 1400 δόξει
1192 1368 1225 1396 τὰ
1242 1370 1413 1418 προειρημένα
1431 1379 1490 1405 περι
1509 1366 1599 1395 αὐτῶν.
1642 1366 1706 1398 Πῶς
1721 1361 1806 1399 ούν,”
1791 1378 1846 1402 εφη,

1050 1410 1169 1444 κελεύεις,·
1187 1409 1326 1443 Παντός,Ι
1346 1405 1376 1445 ἦν
1394 1408 1418 1438 δ’
1439 1409 1496 1448 ἐγω,
1519 1412 1668 1464 σπέρματος
1688 1411 1747 1459 πέρι
1763 1407 1778 1444 ἢ
1796 1420 1845 1445 φυ-

1050 1454 1105 1486 τοῦ,
1124 1456 1174 1481 εἶτε
1193 1454 1296 1494 ἐγγείων
1313 1455 1363 1481 εἴτε
1381 1452 1432 1481 τῶν
1449 1451 1529 1485 ζωων,
1553 1455 1626 1489 ἴσμεν
1644 1451 1684 1480 ὅτι
1701 1450 1731 1480 τὸ
1748 1450 1784 1488 μὴ
1802 1463 1846 1479 τυ-

1050 1496 1098 1531 χὸν
1119 1495 1220 1546 τροφῆς
1237 1497 1266 1530 ἧς
1287 1494 1406 1533 προςήκει
1428 1507 1528 1536 εκαστῳ
1548 1493 1608 1532 μηδ
1629 1493 1696 1532 ὥρας
1716 1494 1780 1531 μηδὲ
1801 1491 1847 1521 τό-

1051 1551 1110 1570 που,
1130 1537 1185 1575 ὅσῳ
1204 1550 1236 1566 αν
1254 1540 1471 1576 ἐρρωμενέστερον
1488 1538 1513 1574 ᾖ,
1532 1536 1650 1573 τοσούτῳ
1668 1535 1792 1564 πλειόνων
1808 1538 1847 1563 ἕν-

1053 1582 1091 1609 δεῖ
1107 1580 1158 1609 τῶν
1175 1579 1337 1629 πρεπόντων
1366 1578 1464 1618 ἀγαθῷ
1482 1578 1533 1618 γάρ
1555 1591 1608 1608 που
1630 1578 1710 1607 κακὸν
1728 1576 1846 1606 ἐναντιω-

1051 1635 1126 1661 τερον
1143 1621 1158 1658 ἢ
1176 1622 1211 1659 τῷ
1231 1622 1266 1660 μὴ
1289 1620 1394 1660 αγαθῷ.
1438 1622 1502 1653 Πῶς
1520 1620 1544 1649 δ
1565 1620 1608 1655 ούς
1627 1620 1694 1657 Ἔχει
1707 1619 1749 1662 δη,
1769 1618 1848 1658 espen,

1052 1665 1131 1704 λογον
1148 1664 1194 1700 τὴν
1212 1663 1318 1702 ἀρίστην
1335 1664 1414 1701 φύσιν
1432 1668 1458 1692 ἐν
1477 1663 1662 1701 αλλοτριωτερᾳ
1685 1674 1769 1692 ουσαν
1785 1674 1847 1700 τρο-

1622 1705 1695 1756 Ἐχει.
1742 1703 1849 1737 Ουκοῦν,

1052 1752 1082 1786 ἠν
1100 1749 1123 1778 δ’
1144 1749 1201 1788 ἐγώ,
1220 1750 1240 1777 ὦ
1258 1750 1409 1786 Ἀδείμαντε,
1430 1755 1433 1769 ¹
1453 1761 1496 1777 και
1513 1748 1559 1780 τὰς
1576 1748 1663 1786 ψυχὰς
1681 1747 1748 1776 ου’τω
1762 1747 1851 1784 φῶμεν

1053 1793 1099 1824 τὰς
1116 1791 1293 1829 εὐφυεστάτας
1310 1791 1388 1827 κακῆς
1408 1792 1587 1845 παιδαγωγίας
1609 1789 1738 1826 τυχούσας
1760 1791 1849 1825 διαφε-

1053 1835 1150 1873 ρόντως
1167 1834 1248 1866 κακὰς
1263 1836 1418 1872 γίγνςεσθαι
1436 1832 1451 1869 ἦ
1470 1837 1517 1862 οἴει
1535 1833 1567 1861 τὰ
1584 1832 1684 1871 μεγαλα
1708 1831 1851 1869 ἀδικήματα

1054 1879 1097 1906 καὶ
1114 1877 1159 1913 τὴν
1177 1876 1291 1914 ἄκρατον
1308 1878 1434 1914 πονηρίαν
1450 1879 1475 1904 ἐκ
1492 1875 1597 1912 φαύλης,
1618 1874 1670 1903 ἀλλ’
1688 1873 1734 1903 οὐκ
1750 1878 1775 1902 ἑκ
1790 1886 1850 1902 νεα-

1054 1919 1122 1955 νικῆς
1138 1919 1240 1956 φύσεως
1261 1919 1346 1969 τροφῇ
1368 1920 1514 1955 διολομένης
1534 1920 1683 1956 γίγνεσθαι,
1701 1915 1807 1970 ,ἀσθενῆ
1825 1917 1852 1944 δὲ

1054 1961 1133 1999 φύσιν
1149 1961 1268 2000 μεγαλων
1285 1960 1344 1990 ου’τε
1364 1959 1477 2002 ἇγαθῶν
1495 1959 1554 1989 ου’τε
1576 1960 1660 1988 κακῶν
1682 1959 1767 1988 αἰτίαν
1787 1960 1852 1987 ποτὲ

1056 2007 1182 2037 ὲσεσθαις
1213 2003 1276 2037 Ούκ,
1305 2002 1381 2036 ἄλλα,
1410 2004 1424 2038 ἡ
1451 2001 1475 2030 δ
1496 2002 1535 2035 ὅς,
1564 2002 1651 2034 ου’τως.
1691 2001 1741 2030 ‘Hv
1766 2003 1852 2030 τοίνυν

1057 2049 1151 2084 ἔθεμεν
1169 2051 1181 2065 *
1199 2046 1246 2075 τοῦ
1263 2045 1412 2082 φιλοσόφου
1429 2044 1515 2096 φύσιν,
1540 2043 1571 2073 ἂν
1588 2047 1653 2095 μέν,
1661 2042 1740 2082 οἶμαι,
1757 2042 1850 2092 μαθη-

1057 2101 1121 2121 σεως
1138 2087 1317 2127 προςηκούσης
1333 2087 1405 2125 τύχη,
1424 2088 1460 2119 εἷς
1474 2087 1565 2115 πᾶσαν
1581 2085 1673 2125 αρετὴν
1689 2085 1787 2125 ἇναγκη
1802 2084 1850 2113 αύ-

1057 2134 1196 2169 ξανομένην
1227 2129 1410 2167 αφικνεῖσθαι,
1447 2129 1492 2158 ἐὰν
1519 2131 1544 2158 δὲ
1570 2129 1604 2166 μὴ
1631 2132 1658 2158 ἐν
1686 2127 1852 2167 προςηκούση

1057 2173 1198 2215 σπαρεῖσα
1207 2185 1235 2201 τε
1252 2185 1296 2201 και
1311 2176 1476 2222 φυτευθεῖσα
1495 2175 1625 2210 τρέφηται,
1643 2171 1679 2203 εἷς
1696 2183 1783 2199 παντα
1804 2168 1851 2198 τᾶ-

1057 2229 1146 2245 ναντια
1165 2216 1205 2249 αὐ,
1222 2215 1267 2243 ἐαν
1282 2214 1317 2252 μή
1339 2226 1376 2246 τις
1398 2213 1463 2252 αυτῇ
1486 2213 1626 2251 βοηθήσας
1647 2215 1720 2242 θεῶν
1740 2212 1811 2250 τύχῃ.
1837 2225 1853 2247 η

1058 2260 1101 2287 καὶ
1119 2271 1152 2287 συ
1169 2257 1236 2296 ἡγει,
1255 2257 1338 2294 ὡςπερ
1357 2258 1383 2286 οἱ
1400 2258 1503 2289 πολλοί,
1528 2258 1762 2294 διαφθειρομένους
1783 2254 1854 2286 τινὰς

1057 2300 1122 2330 εἶναι
1138 2299 1190 2329 ὕπὸ
1210 2301 1344 2336 σοφιστῶν
1361 2302 1439 2332 νέους,
1459 2300 1664 2336 διαφθείροντας
1679 2299 1706 2327 δέ
1719 2309 1790 2329 τινας
1804 2309 1852 2326 σο-

1057 2343 1153 2381 φιστὰς
1170 2341 1318 2375 ἶδιωτικούς,
1338 2342 1354 2370 ὅ
1371 2355 1395 2370 τι
1412 2343 1455 2370 καὶ
1474 2341 1548 2374 α’ξιον
1565 2340 1653 2380 λόγου,
1673 2339 1725 2368 ἄλλ’
1743 2338 1789 2369 οὖκ
1805 2337 1852 2368 αὖ·

1058 2386 1119 2417 τοὺς
1135 2385 1196 2416 τοὺς
1213 2385 1295 2413 ταῦτα
1313 2387 1435 2423 λέγοντας
1450 2386 1588 2423 μεγίστους
1604 2386 1651 2421 μὲν
1669 2390 1673 2404 ¹
1692 2381 1757 2412 εἶναι
1775 2394 1852 2419 σοφι-

1059 2439 1130 2460 στας,
1149 2427 1279 2455 παιδεύειν
1296 2429 1321 2455 δὲ
1341 2426 1483 2455 τελεωτατα
1501 2428 1544 2455 καὶ
1564 2425 1762 2464 απεργαζεσθαι
1784 2426 1855 2455 οἵους

1060 2470 1196 2508 βούλονται
1219 2474 1283 2498 εἶναι
1305 2482 1348 2497 και
1370 2473 1442 2501 νέους
1462 2470 1505 2497 καὶ
1516 2469 1718 2520 πρεσβυτέρους
1737 2468 1781 2495 καὶ
1807 2478 1852 2494 αν-

1059 2514 1122 2551 δρας
1138 2513 1182 2540 καὶ
1197 2516 1333 2551 γυναῖκας;
1356 2511 1429 2540 Πότε
1447 2511 1489 2547 δής
1512 2512 1527 2547 ἠ
1545 2510 1568 2538 δ
1589 2510 1625 2542 ὃς.
1665 2509 1754 2543 Ὅταν,
1773 2508 1854 2541 εἷπον,

1060 2554 1280 2594 ξυγκαθεζόμενοι
1299 2553 1400 2592 ἁθρόοι
1418 2555 1511 2582 πολλοὶ
1527 2554 1564 2584 εἷς
1582 2551 1744 2588 ἐκκλησίας
1729 2565 1744 2588 η
1762 2552 1798 2583 εἷς
1815 2552 1853 2579 δι-

1059 2596 1185 2635 καστήρια
1203 2596 1218 2633 ἢ
1237 2600 1339 2634 θέατρα
1362 2610 1377 2632 η
1400 2595 1565 2634 στρατόπεδα
1587 2594 1602 2630 ’ἦ
1623 2607 1681 2623 τινα
1704 2593 1781 2623 ὅίλλον
1798 2605 1852 2622 κοι-

1059 2640 1105 2669 νὸν
1121 2638 1243 2675 πλήθους
1260 2639 1385 2677 ξύλλογον
1403 2638 1447 2671 ξὺν
1464 2638 1551 2675 πολλῷ
1568 2636 1678 2675 θορύβῳ
1696 2637 1728 2666 τὰ
1744 2638 1791 2674 μὲν
1805 2637 1852 2673 ψέ-

1059 2695 1126 2721 γωσι
1143 2682 1194 2710 τῶν
1211 2684 1354 2720 λεγομένων
1370 2680 1386 2718 ἦ
1403 2683 1593 2719 πραττομένων,
1612 2680 1644 2708 τὰ
1664 2681 1690 2708 δὲ
1709 2677 1854 2707 ἐπαινῶσιν.

1052 1708 1089 1759 φῇ
1111 1720 1201 1736 κακιον
1224 1706 1395 1735 ἀπαλλάττειν
1412 1718 1456 1742 της
1477 1705 1581 1743 φαύλης,

1864 400 1898 418 491

1878 2047 1913 2065 492
