1998 3084
48 2318 91 2383 ,ᾗ

65 2439 100 2457 694

648 160 707 186 DE
747 158 997 186 LEGIBUS
1036 158 1135 184 LIB.

118 241 184 271 κατὰ
202 240 340 270 θάλατταν
358 239 437 271 καλὰς
453 237 597 274 νενικήκασι
613 237 708 276 μάχας·
733 237 796 266 ἀλλὰ
815 251 829 267 ο
847 251 912 276 φημι

120 284 229 322 αἰσχρὸν
246 281 297 312 τότ’
314 281 385 314 εἶναι,
403 280 462 310 τόδε
479 283 554 319 λέγω·
581 280 612 309 τὸ
629 281 734 318 πρῶτον
749 284 796 318 μὲν
814 284 913 317 ἐκείνων

121 327 170 354 τῶν
186 325 286 354 πόλεων
303 324 379 364 τριῶν
396 321 481 352 οὖσῶν
496 324 559 360 μίαν
575 321 640 360 νπὲρ
655 323 699 359 τῆς
711 322 859 355 Ελλαδος’
845 323 911 361 αμῦ-

121 380 173 401 ναι,
195 367 231 396 τὼ
249 368 276 395 δὲ
294 365 339 394 δύο
357 365 440 396 κακῶς
457 364 539 396 οὕτως
555 363 620 394 εἶναι
638 366 828 414 διεφθαρμένα,
852 365 913 397 ὥςτε

121 423 134 445 ¹1
151 412 198 447 μὲν
215 410 258 437 καὶ
274 408 457 444 Λακεδαίμονα
476 406 607 435 διεκωλυεν
622 406 758 444 ἐπαμυνειν
773 406 846 444 αὐτῇ,
861 419 911 436 πο-

119 451 235 489 λεμοῦσα
257 449 321 487 αὐτῆ
342 449 408 477 κατὰ
430 448 536 486 κράτος,
557 448 573 484 ἦ
596 447 620 476 δ
642 450 674 477 αὖ
695 448 866 487 πρωτεύουσα
889 453 915 499 ἐν

121 497 176 525 τοῖς
193 493 251 521 τότε
265 491 371 530 χρόνοις
387 495 443 523 τοῖς
459 492 518 540 περὶ
537 497 541 511 ¹
560 491 606 527 τὴν
623 490 787 528 διανομήν,“
774 504 790 526 η
806 493 866 530 περὶ
883 490 913 520 τὸ

118 534 222 584 ζ4ργος,
249 536 464 571 παρακαλουμένη
490 531 593 571 ἀμύνειν
619 533 665 561 τὸν
691 533 823 571 βαρβαροι
850 531 912 562 οὔθ

120 576 266 611 υπήκουσεν
284 588 330 604 ουτ
352 574 437 613 ἤμυνε.
463 575 548 604 πολλὰ
567 576 593 604 δὲ
612 578 690 614 λέγων
708 575 739 604 ἅν
757 587 794 607 τις
808 575 840 603 τὰ
856 574 914 604 τότε

120 618 245 657 γενόμενα
266 618 325 666 περὶ
347 621 443 646 ἐκεῖνον
464 616 510 646 τὸν
531 616 646 655 πόλεμον
668 618 711 653 τῆς
726 616 846 649 Ελλαδος
868 630 913 646 ου-

122 660 207 698 δαμῶς
228 658 374 697 εὐσχήμονα
397 658 429 687 ἄν
450 663 602 698 κατηγοροῖ
630 658 685 688 οὐδ
708 672 741 687 αυ
760 658 916 696 ἀμύνασθαι

121 702 166 738 τήν
182 715 212 741 γε
227 700 335 730 ‘Eunoen
352 704 432 739 λέγων
454 699 545 739 ὀρθῶς
567 700 598 730 ἄν
620 704 700 740 λέγοι,
725 699 776 729 ἇλλ
793 701 815 729 εἰ
831 701 866 738 μὴ
884 699 916 729 τό

121 757 147 774 τε
165 745 311 780 Αθηναίων
331 745 375 771 καὶ
393 743 422 772 τὸ
441 744 652 781 Λακεδαιμονίων
668 744 740 780 κοινῇ
759 747 771 760 *
789 742 915 793 διανόρμὲα

122 786 197 824 ἤμυνε
215 786 260 821 τὴν
278 786 404 814 ἐπιοῦσαν
422 787 549 818 δουλείαν,
569 785 662 821 σχεδὸν
680 784 712 814 ἂν
728 784 775 820 ἤδη
792 783 867 813 πάντ
886 785 916 820 ἦν

119 831 259 867 μεμιγμένα
280 828 313 856 τα
331 828 382 856 τῶν
397 826 518 863 Ἑλλήνων
533 830 593 866 γένη
612 831 638 856 ἐν
656 826 772 863 ἀλλήλοις
788 840 830 855 και
850 826 914 864 βαρ-

122 873 190 908 βαρα
209 875 234 898 ἐν
247 869 349 906 (Ελλησι
365 871 409 898 καὶ
424 869 551 905 Ἑλληνικὰ
570 873 596 898 ἐν
614 868 766 907 βαρβαροις,
790 868 916 906 καθάπερ

122 915 156 942 ὠν
182 915 287 951 He'g—txc
312 912 467 950 τυραννοῦσι
493 911 525 940 τὰ
552 912 610 944 νῦν,
638 912 847 948 διαπεφορημένα
873 912 917 938 καὶ

122 957 336 993 ξυμπεφορημένα
354 954 437 985 κακῶς
452 956 601 991 ἐσπαρμένα
615 957 779 982 κατοικεῖται.
797 951 877 985 ταῦτ),
896 953 916 980 ὠ

124 999 227 1026 Κλεινία
248 1009 293 1025 και
312 999 437 1034 Μέγιλλε,
465 997 555 1032 ἒῇἵομεν
576 995 694 1032 ἐπιτιμᾶν
715 998 770 1026 τοῖς
791 1007 817 1023 τε
835 994 917 1022 παλαι

121 1042 262 1090 πρλιτικοῖς
279 1041 424 1087 λεγομένοις
437 1038 480 1065 καὶ
495 1040 662 1074 νομοθέταις,
680 1038 723 1065 καῖ
738 1040 793 1068 τοῖς
807 1037 859 1070 νῦν,
875 1048 916 1064 ινα

123 1081 169 1113 τὰς
192 1081 275 1112 αἰτίας
292 1078 376 1108 αὐτῶν
393 1077 575 1114 ἆναζητουντες
592 1077 779 1116 ανευρίσκωμεν
798 1085 802 1099 ¹
821 1080 847 1107 τί
862 1090 915 1106 πα-

121 1123 156 1161 ρὰ
177 1122 259 1151 ταῦτα
282 1123 331 1150 ἔδει
352 1133 473 1159 πραττειν
495 1119 568 1149 ἄλλο’
597 1124 653 1149 οῖον
675 1120 704 1156 δὴ
722 1121 765 1148 καὶ
782 1120 812 1149 τὸ
826 1119 918 1162 παρὸν

121 1168 238 1202 εἴπομεν,
261 1163 295 1195 ὡς
318 1162 369 1201 ὂίρα
392 1175 423 1192 ου
445 1164 484 1191 δεῖ
497 1162 613 1201 μεγαλας
631 1161 712 1212 ἀρχὰς
730 1161 786 1191 ουδ’
805 1163 838 1191 αὐ
856 1160 914 1199 αμί-

122 1218 197 1238 κτους
217 1209 385 1244 νομοθετεῖν,
413 1206 602 1240 διανοηθέντας
622 1205 652 1233 τὸ
674 1204 786 1237 τοιόνδε,
812 1204 852 1233 ὅτι
873 1204 917 1239 τὴν

121 1248 196 1278 πόλιν
217 1250 357 1286 ἐλωθέραν
378 1260 405 1276 τε
427 1245 491 1275 εἶναι
513 1248 552 1275 δεῖ
572 1248 615 1275 καὶ
638 1248 753 1295 ἔμφρονα
775 1248 818 1275 καὶ
839 1247 918 1284 ἑαυτῇ

121 1293 202 1328 φίλην,
220 1291 264 1319 καὶ
281 1290 328 1319 τὸν
344 1289 544 1327 νομοθετοῦντα
559 1289 626 1327 πρὸς
639 1290 721 1318 ταῦτα
737 1290 865 1326 βλέποντα
880 1290 919 1316 δεῖ

122 1336 285 1371 νομοθετεῖν.
305 1332 342 1370 μὴ
356 1331 538 1369 θαυμάσωμεν
553 1333 586 1364 δέ,
605 1332 627 1359 εἰ
641 1331 764 1363 πολλακις
778 1330 833 1367 ηδη,
848 1343 915 1368 προ-

122 1378 231 1413 θέμενοι
249 1373 322 1408 ὄίττα,
340 1373 482 1412 εἷρήκαμεν,
502 1373 542 1402 ὅτι
558 1373 624 1423 πρὸς
642 1374 724 1402 ταῦτα
743 1375 782 1402 δεῖ
798 1377 915 1411 νομοθε-

122 1421 174 1446 τεῒν
191 1418 320 1467 βλέποντα
336 1416 383 1445 τὸν
400 1418 561 1454 νομοθέτην,
582 1416 615 1444 τὰ
634 1417 660 1444 δὲ
677 1418 843 1454 προτεθέντα
863 1422 866 1436 ¹
887 1428 918 1444 ου

122 1458 204 1488 ταῦτὰ
233 1458 294 1497 ἡμῖν
321 1461 440 1496 φαίνεται
466 1457 601 1487 ἑκαστοτε
636 1456 687 1486 αλλ’
714 1456 919 1498 αναλογίζεσθαι

120 1515 181 1553 χρη,
205 1502 269 1531 ὅταν
288 1501 356 1541 πρὸς
376 1501 406 1530 τὸ
430 1504 574 1540 σωφρονεῖν
595 1501 683 1552 φῶμεν
705 1502 757 1530 δεῖν
779 1503 878 1539 βλέπειν
903 1500 919 1537 ἢ

122 1545 189 1583 πρὸς
205 1543 332 1583 φρόνησιν
347 1543 363 1580 ἢ
380 1546 475 1581 φιλίαν,
493 1543 528 1576 ὦς
546 1542 607 1572 ἐσθ’
625 1546 701 1576 οὗτος
719 1543 733 1572 ὅ
753 1543 854 1576 σκοπὸς
872 1542 919 1579 οὐχ

123 1588 208 1625 ἕτερος
230 1585 282 1614 ἆλλ
304 1600 318 1615 ο
338 1585 422 1618 αυτός
450 1587 494 1614 καῖ
512 1585 576 1614 ἄλλα
595 1586 625 1622 δὴ
643 1586 727 1615 πολλὰ
744 1585 811 1624 ἡμᾶς
828 1586 917 1615 τοιαῦ-

122 1642 155 1658 τα
173 1628 205 1658 ἆν
220 1631 337 1668 γίγνηται
354 1627 467 1667 ῥήματα,
488 1628 523 1666 μὴ
542 1629 738 1666 διαταραττέτω.
781 1633 835 1657 KA.
852 1634 917 1657 Πει-

122 1670 266 1710 ρασόμεθα
287 1675 371 1700 ποιεῖν
393 1670 474 1702 οὕτως
495 1670 642 1703 ἐπανιόντες
663 1671 724 1703 τοὺς
745 1670 848 1709 λόγους·
875 1671 919 1699 καὶ

123 1714 168 1743 νῦν
185 1714 215 1750 δὴ
233 1713 263 1742 τὸ
281 1725 339 1751 περι
356 1714 401 1749 τῆς
418 1715 504 1750 φιλίας
520 1725 547 1741 τε
565 1726 608 1741 και
625 1712 776 1751 φρονήσεως
789 1714 833 1741 καὶ
849 1715 916 1741 ελευ-

124 1757 228 1794 θερίας,
254 1755 321 1794 πρὸς
347 1755 364 1785 δ’
388 1768 412 1784 τι
439 1754 595 1793 βουλόμενος
621 1757 720 1793 ἔμελλες
740 1758 821 1794 λέγειν
843 1756 894 1784 δεῖν
914 1761 917 1775 ¹

124 1798 305 1834 στοχάζεσθαι
325 1798 371 1826 τὸν
388 1800 550 1835 νομοθέτην,
572 1800 634 1836 λέγε.
679 1804 734 1826 ΧΠ.
751 1803 809 1826 ΑΘ.
823 1796 916 1826 Ἀκου-

124 1853 172 1870 σον
190 1840 241 1876 δη
237 1840 288 1869 νῦν.
315 1840 367 1869 εἶσὶ
383 1840 518 1869 πολιτειῶν
536 1852 592 1868 οιον
607 1843 712 1878 μητέρες
729 1840 775 1868 δύο
794 1842 868 1872 τινές,
892 1843 919 1871 ἐξ

123 1884 158 1911 ὧν
181 1883 228 1914 τὰς
253 1881 332 1914 α’λλας
356 1885 489 1921 γεγονέναι
515 1885 594 1920 λέγων
617 1882 648 1911 α’ν
670 1894 707 1914 τις
729 1881 820 1920 ορθῶς
841 1885 918 1931 λέγοι.

123 1926 166 1953 καὶ
187 1925 232 1961 τὴν
251 1927 298 1962 μὲν
319 1924 520 1963 προςαγορεύειν
540 1927 684 1962 μοναρχίαν
706 1923 806 1962 ὀρθόν,
829 1925 874 1960 τὴν
893 1923 916 1951 δ’

124 1980 157 1996 αυ
175 1969 357 2005 δημοκρατίαν·
384 1968 429 1995 καὶ
446 1978 489 2003 της
505 1969 552 2004 μὲν
569 1967 599 1995 τὸ
617 1968 730 2004 Περσῶι
738 1970 821 2016 γένος
838 1965 919 2005 α’κρον

125 2011 198 2046 ἔχειν,
221 2009 266 2045 τῆς
286 2011 313 2038 δέ
334 2008 407 2063 ημᾶς.
436 2011 463 2037 αἶ
481 2007 504 2037 δ
527 2008 602 2037 &Mon
621 2009 713 2045 σχεδὸν
732 2021 847 2042 απασαι,
869 2022 916 2037 κα-

124 2051 215 2094 θαπερ
231 2050 316 2085 εἷπον,
335 2055 361 2080 ἐκ
379 2051 477 2080 τούτων
494 2051 545 2080 εἶσὶ
563 2053 805 2089 διαπεποικιλμέναι.
834 2052 872 2079 δεῖ
890 2052 919 2087 δὴ

124 2095 171 2124 οὖν
186 2095 230 2122 καὶ
251 2092 394 2133 αναγκαῖον
413 2095 567 2132 μεταλαβεῖν
589 2107 687 2144 αμφοιν
709 2106 823 2127 τουτοιν,
848 2097 918 2132 εἰπερ

126 2138 258 2174 ἐλευθερία
275 2135 295 2165 τ’
313 2138 386 2165 ἔσται
403 2149 445 2165 και
463 2138 534 2173 φιλια
550 2136 616 2173 μετὰ
634 2135 794 2174 φρονήσεως
823 2142 827 2156 ¹
856 2135 870 2164 ὅ
889 2136 919 2172 δὴ

125 2177 272 2215 βουλεται
257 2182 317 2216 ημῖν
339 2191 353 2207 ο
375 2177 453 2217 λόγος
474 2178 652 2216 προςτοῖττειν,
675 2181 753 2217 λέγων
771 2177 805 2210 ὧς
823 2189 869 2207 ουκ
888 2177 919 2207 α’ν

125 2233 188 2250 ποτε
204 2233 303 2250 τουτων
319 2220 394 2252 πόλις
412 2232 520 2259 αμοιρος
533 2224 655 2259 γενομένη
670 2220 858 2256 πολιτευθῆναι
873 2219 916 2249 δύ-

125 2261 188 2291 ναιτ’
204 2275 236 2292 αν
252 2262 341 2295 καλῶς.
376 2267 431 2292 ΚΔ.
448 2263 512 2295 Πῶς
527 2263 579 2301 γὰρ
598 2262 642 2297 α’ν,-
678 2268 734 2292 ΑΘ.
750 2262 785 2290 ‘H
798 2265 845 2300 μὲν
862 2265 916 2292 τοί-

126 2317 169 2333 νυν
193 2305 223 2334 τὸ
249 2304 417 2343 μοναρχικόν,
444 2303 460 2340 ἧ
486 2306 513 2333 δὲ
538 2305 569 2334 τὸ
593 2305 732 2343 ἐλεύθερον
754 2304 917 2343 ἀγαπήσασα

121 2345 241 2385 μειζόνως
264 2346 280 2383 ἢ
307 2348 356 2376 ἔδει
374 2346 469 2386 μόνον,
496 2345 617 2385 οὐδετέρα
639 2347 671 2375 τὰ
691 2350 781 2385 μέτρια
803 2350 919 2384 κέκτηται

124 2400 231 2418 τουτων·
259 2391 287 2417 αἱ
308 2391 335 2418 δὲ
355 2388 485 2427 υμέτεραι,
507 2389 524 2424 ἤ
540 2401 567 2418 τε
584 2390 718 2425 Λακωνικὴ
736 2391 780 2418 καὶ
795 2389 918 2427 Κρητική,

124 2431 228 2469 μᾶλλον.
249 2435 387 2481 Αθηναῖοι
405 2433 432 2460 δὲ
449 2432 493 2459 καὶ
510 2434 614 2469 Πέρσαι
630 2431 661 2460 τὸ
677 2435 724 2470 μὲν
741 2431 823 2460 παλαι
840 2437 853 2450 *
872 2432 916 2462 οὕ-

125 2485 161 2502 τω
177 2484 243 2506 πως,
265 2473 295 2502 τὸ
317 2473 362 2502 νῦν
384 2475 411 2502 δὲ
431 2469 516 2509 ἧττον.
543 2473 575 2502 τὰ
598 2472 621 2501 δ
639 2477 708 2502 αἴτια
727 2475 876 2524 διέλθωμεν.
902 2475 918 2511 ἠ

124 2514 190 2555 γᾶρς
232 2520 286 2544 KA.
303 2515 422 2548 Πάντως,
441 2518 468 2544 εἰ
479 2518 509 2554 γε’
525 2527 578 2544 που
593 2516 743 2553 μέλλομεν
734 2529 748 2545 ο
765 2515 917 2555 προύθέμε-

127 2561 169 2586 θα
190 2559 325 2595 περαίνειν.
367 2562 424 2586 ΑΘ.
442 2557 584 2594 Λκουωμεν
607 2557 643 2593 δή.
685 2560 790 2612 Πέρσαι
806 2572 857 2598 γαρ
876 2559 919 2588 ὅτε

126 2602 172 2636 μὲν
197 2599 228 2628 τὸ
254 2601 357 2649 μέτριον
379 2600 478 2637 μαλλον
504 2600 619 2631 δουλείας
644 2612 671 2628 τε
697 2602 740 2629 καὶ
771 2603 920 2639 ἐλευθερίας

129 2642 191 2680 ἦγον
209 2642 250 2669 ἐπι
266 2641 368 2679 Κυρου,
391 2642 494 2679 πρῶτον
509 2644 556 2678 μέν
575 2640 649 2670 αυτοὶ
667 2642 800 2681 ἐλεύθεροι
819 2646 917 2682 ἐγένον-

129 2696 169 2716 το,
187 2685 274 2712 ἔπειτα
292 2684 319 2712 δὲ
337 2682 418 2712 ἄλλων
435 2684 536 2712 πολλῶν
551 2683 687 2712 δεσπόται
707 2687 856 2724 ἐλευθερίας
869 2699 920 2725 γαρ

1178 159 1228 184 ΙΙΙ.
1709 163 1757 188 407

963 248 1085 274 αρχοντες
1109 237 1288 275 μεταδιδόντες
1315 237 1465 280 αρχομένοις
1490 240 1534 267 καὶ
1566 240 1607 268 ἐπὶ
1639 240 1668 270 τό
1701 244 1760 270 ἴσον

964 279 1072 318 ἄγοντες
1091 280 1191 317 μᾶλλον
1211 282 1281 317 φίλοι
1299 294 1326 309 τε
1343 282 1411 316 ἦσαν
1428 282 1585 319 στρατιῶται
1604 287 1760 322 στρατηγοῖς

963 323 1007 350 καὶ
1023 321 1183 375 προθυμους
1202 329 1205 342 ¹
1226 322 1320 354 αὐτους
1338 328 1364 351 ἐν
1382 327 1436 355 τοῖς
1453 323 1598 356 κινδύνοις
1591 327 1758 362 παρείχοντο

963 378 1007 392 και
1024 367 1101 395 εἴτις
1119 377 1152 392 αυ
1169 363 1295 402 φρόνιμος
1314 366 1342 400 ἦν
1359 369 1385 393 ἐν
1404 364 1493 397 αυτοῖς
1509 379 1552 394 και
1571 367 1698 403 βουλευειν
1713 369 1757 396 δυ-

965 405 1053 439 νατός,
1077 418 1108 434 ου
1130 408 1267 444 φθονεροῦ
1284 408 1331 435 τοῦ
1350 407 1500 444 βασιλέως
1490 407 1577 441 όντος,
1600 409 1715 442 διδόντος
1733 412 1759 439 δὲ

964 450 1112 486 παρρησίαν
1133 449 1177 475 καὶ
1199 449 1321 485 τιμῶντος
1342 460 1403 480 τους
1423 453 1459 481 εἴς
1480 463 1502 478 τι
1521 452 1675 488 δυναμένους
1693 465 1757 490 συμ-

966 489 1102 527 βουλευειν,
1121 489 1206 524 κοινὴν
1224 490 1270 525 τὴν
1288 491 1333 518 τοῦ
1351 495 1457 528 φρονεῖν
1474 492 1510 524 εἷς
1527 493 1556 521 τὸ
1571 496 1653 530 μέσον
1667 497 1758 533 παρεί-

963 544 1024 567 χετο
1048 531 1164 568 δύιαμιν·
1192 544 1235 559 και
1253 544 1339 560 παντα
1358 534 1387 568 δὴ
1405 533 1463 561 τότε
1482 536 1604 563 ἐπέδωκεν
1623 536 1711 568 αυτοῖς
1728 535 1758 565 δι

966 575 1117 611 ἐλευθερίαν
1142 585 1168 601 τε
1196 575 1239 601 καὶ
1265 576 1351 610 φιλίαν
1376 576 1420 602 καὶ
1446 577 1492 604 νοῦ
1518 580 1658 606 κοινωνίαν.
1706 585 1760 608 KA.

963 616 1045 643 Ἐοικε
1062 617 1092 653 γε’
1108 626 1162 646 πως
1179 615 1211 643 τὰ
1230 615 1353 653 λεγόμενα
1373 616 1439 645 οὕτω
1456 621 1596 656 γεγονέναι.
1639 626 1696 650 ΑΘ
1714 621 1760 659 Πῇ

966 657 995 692 δὴ
1018 669 1064 685 ουν
1085 659 1149 684 ποτὲ
1173 655 1290 686 απωλετο
1314 660 1355 686 ἐπι
1375 665 1378 679 ¹
1397 659 1545 696 Καμβυσου
1563 674 1604 689 και
1623 662 1701 691 πάλιν
1720 665 1761 691 ἐπὶ

967 700 1078 736 Δαρείου
1101 699 1194 734 σχεδὸν
1217 698 1321 735 ἐσωθης
1349 700 1480 737 βούλεσθε
1503 715 1559 730 οιον
1578 707 1685 741 μαντείᾳ
1703 707 1759 733 δια-

965 743 1104 789 νοηθέντος
1128 740 1270 778 χρώμεθα,-
1313 748 1366 770 ΚΛ.
1397 746 1470 780 Φέρει
1495 745 1560 782 γοῦν
1586 744 1645 783 ἡμῖν
1671 750 1762 784 σκέψιν

966 784 1044 812 τοῦτο
1063 781 1101 819 ἐφ
1120 782 1184 820 ὅπερ
1202 782 1361 834 ὠρμηκαμεν.
1404 790 1461 813 ΑΘ.
1481 787 1654 836 Μαντευομαι
1672 789 1702 824 δὴ
1717 790 1761 818 νῦν

966 827 1026 863 περί
1045 837 1075 863 γε
1094 824 1184 861 Κύρου
1202 825 1234 853 τὰ
1251 828 1298 863 μὲν
1316 824 1368 853 δίλλ
1386 826 1465 855 αὐτὸν
1484 829 1630 867 στρατηγόν
1648 843 1674 859 τε
1694 830 1759 869 ἄγα-

967 867 1022 896 θόν
1047 878 1112 895 enlm
1137 879 1181 894 και
1211 867 1359 904 φιλόπολιν,
1392 870 1510 901 παιδείας
1538 871 1565 898 δὲ
1598 870 1683 909 ορθῆς
1715 872 1762 908 οὐχ

966 905 1055 945 ἧφθαι
1073 908 1102 937 τὸ
1121 921 1249 947 παραπαν
1267 910 1400 947 οικονομίᾳ
1416 923 1441 939 τε
1457 910 1531 940 ουδὲν
1546 912 1591 941 τὸν
1606 915 1667 943 νοῦν
1680 927 1760 953 προς-

967 953 1107 986 εσχηκέναι.
1150 956 1205 979 KA.
1227 952 1291 983 Πῶς
1313 952 1343 987 δὴ
1364 953 1394 980 τὸ
1418 954 1537 982 unm-nov
1559 956 1661 993 φῶμενς
1704 963 1760 985 ΑΘ.

962 992 1060 1021 Ἔοικεν
1082 996 1108 1021 ἐκ
1130 995 1188 1022 νέου
1206 994 1401 1045 στρατευεσθαι
1419 995 1460 1023 διὰ
1480 1002 1484 1016 ¹
1503 997 1567 1033 βίον,
1590 1002 1647 1030 ταῖς
1663 1001 1763 1037 γυναιξι

967 1034 1102 1072 παραδοὺς
1123 1035 1184 1067 τοὺς
1204 1037 1301 1067 παῖδας
1322 1039 1429 1074 τρέφειν,
1457 1039 1484 1066 αἶ
1507 1039 1532 1066 δέ
1555 1039 1589 1071 ὡς
1610 1039 1761 1079 εὐδαίμονας

968 1075 1063 1108 αὐτοὺς
1080 1081 1106 1104 ἐκ
1125 1077 1175 1105 τῶν
1191 1079 1291 1106 παίδων
1308 1077 1390 1110 εὐθὺς
1406 1092 1449 1107 και
1465 1083 1609 1118 μακαρίους
1622 1082 1669 1120 η’δη
1683 1096 1760 1122 γεγο-

967 1129 1045 1150 νοτας
1062 1131 1105 1147 και
1123 1119 1258 1151 ἐπιδεεῖς’
1248 1119 1325 1152 όντας
1341 1120 1440 1161 τούτων
1455 1120 1582 1154 οὖδενὸς’
1575 1126 1691 1162 ἔτρεφον·
1711 1138 1760 1154 κω-

967 1160 1077 1189 λυουσαι
1103 1162 1129 1189 δὲ
1157 1173 1190 1193 ως
1218 1174 1291 1190 ουσιι
1313 1163 1406 1194 ἶκανῶς
1426 1162 1562 1202 εὖδαιμοσι
1585 1167 1648 1204 μήτε
1675 1167 1763 1198 αυτοῖς

969 1203 1156 1231 ἐναντιοῦσθαι
1176 1205 1271 1240 μηδένα
1292 1216 1329 1236 εις
1348 1206 1437 1242 μηδὲν,
1465 1210 1577 1236 ἐπαινεῖν
1598 1222 1625 1238 τε
1647 1208 1761 1249 αναγκα-

968 1248 1059 1277 ζουσαι
1080 1257 1180 1277 παντας
1201 1246 1231 1274 τὸ
1253 1246 1391 1284 λεγόμενον
1412 1247 1427 1283 ἦ
1448 1249 1627 1288 πραττόμενον
1647 1251 1690 1280 ὖπ
1715 1266 1762 1282 αυ-

968 1287 1029 1320 τῶν,
1053 1288 1174 1325 ἔθρεψαν
1191 1300 1326 1325 τοιουτους
1344 1302 1420 1322 τινας.
1463 1296 1517 1320 KA.
1536 1294 1636 1329 Καλήν,
1658 1307 1693 1327 ως
1711 1298 1761 1324 ἔοι-

967 1341 1026 1362 κας,
1051 1329 1151 1367 τροφὴν
1167 1333 1275 1368 εἴρηκας
1318 1337 1375 1360 ΑΘ.
1394 1336 1545 1365 Γυναικείαν
1561 1339 1608 1375 μὲν
1626 1338 1671 1367 οὐν
1687 1339 1761 1376 βασι-

968 1373 1044 1400 λίδων
1062 1378 1066 1392 ¹
1084 1373 1223 1412 γυναικῶν,
1245 1375 1336 1404 νεωστὶ
1353 1377 1493 1415 γεγονυιῶν
1510 1382 1652 1414 πλουσίων,
1676 1395 1720 1410 και
1738 1387 1764 1411 ἐν

970 1413 1069 1453 ἀνδρῶν
1087 1419 1187 1454 ἐρημίᾳ,
1207 1417 1248 1445 διὰ
1266 1418 1296 1446 τὸ
1313 1418 1348 1455 μὴ
1367 1419 1529 1455 σχολαζειν
1515 1423 1568 1450 υπὸ
1586 1426 1704 1461 πολέμων
1721 1438 1763 1452 και

969 1459 1071 1486 πολλῶν
1088 1458 1220 1492 κινδύνων,
1239 1460 1300 1492 τοὺς
1316 1462 1412 1493 παῖδας
1430 1465 1587 1500 τρεφουσῶν.
1630 1472 1683 1495 KA.
1698 1466 1764 1502 Ἐχει

968 1500 1020 1538 γὰρ
1042 1499 1128 1539 λόγον.
1171 1506 1228 1530 ΑΘ.
1249 1501 1277 1531 O
1299 1504 1326 1531 δὲ
1346 1516 1432 1542 πατηρ
1452 1518 1481 1543 γε
1501 1505 1590 1538 αυτοῖς
1607 1521 1640 1536 av
1656 1512 1763 1547 ποίμνια

967 1545 1015 1580 μὲν
1041 1555 1085 1570 και
1109 1542 1231 1581 πρόβατα
1258 1557 1301 1572 και
1328 1544 1420 1584 αγέλας
1447 1547 1545 1585 ἀνδρῶν
1567 1561 1593 1577 τε
1615 1563 1658 1578 και
1683 1550 1764 1580 α’λλων

969 1585 1071 1612 πολλῶν
1088 1585 1187 1617 πολλὰς
1208 1587 1312 1620 ἐκτᾶτο,
1336 1586 1430 1620 αὐτους
1452 1590 1488 1622 δέ,
1512 1595 1550 1622 οἱς
1571 1604 1652 1621 ταυτα
1675 1606 1761 1632 naqa-

971 1626 1062 1655 δώσειν
1084 1628 1231 1669 εμελλενὲ*
1252 1628 1338 1667 ἠγνόει
1355 1630 1400 1666 τὴν
1417 1644 1541 1670 πατρῳαν
1559 1646 1590 1662 ου
1608 1637 1761 1673 παιδευομέ-

970 1680 1029 1700 νους
1046 1671 1141 1705 τέχνην,
1161 1682 1244 1699 ουσαν
1263 1671 1429 1724 [Περσικήν],
1447 1678 1574 1712 ποιμένων
1593 1676 1673 1706 ὄντων
1677 1685 1761 1730 Περ-

970 1712 1034 1744 σῶν,
1062 1714 1181 1749 τραχείας
1206 1725 1292 1751 χωρας
1319 1714 1440 1752 ἐκγόνων,
1469 1717 1581 1755 σκληρὰν
1607 1721 1650 1747 καὶ
1676 1721 1764 1756 ἱκανὴν

969 1756 1093 1791 ποιμένας
1111 1753 1310 1807 απεργοῖζεσθαι
1325 1755 1424 1793 μαλα’
1416 1770 1538 1796 ισχυρους
1552 1762 1595 1788 καῖ
1610 1763 1764 1800 δυναμένους

969 1798 1111 1833 θυραυλεῖν
1132 1809 1175 1824 και
1198 1796 1336 1835 ἀγρυπνεῖν
1357 1801 1410 1832 καί,
1437 1801 1460 1828 εἰ
1487 1802 1681 1839 στρατευεσθαι
1703 1807 1763 1838 δέοι,

970 1837 1173 1875 στρατεύεσθαι.
1200 1840 1393 1889 διεφθαρμένην
1411 1843 1437 1870 δὲ
1454 1845 1602 1873 παιδείαν
1589 1846 1641 1874 υπὸ
1660 1859 1704 1897 της
1720 1851 1761 1876 λε-

968 1883 1077 1919 γομένης
1099 1879 1261 1918 εὐδαιμονίας
1281 1882 1327 1918 τὴν
1348 1884 1466 1920 Μηδικην
1487 1888 1612 1924 περιεῖδε-ν
1636 1888 1689 1918 ὑπὸ
1715 1902 1762 1928 γυ-

969 1923 1063 1951 ναικῶν
1089 1935 1115 1951 τε
1141 1936 1183 1951 και
1210 1923 1338 1960 εὐνούχων
1369 1928 1560 1961 παιδευθέντας
1591 1929 1672 1960 αὗτοῦ
1703 1932 1764 1964 τοὺς

968 1965 1039 1997 υἱεῖς,
1058 1964 1126 1993 ὅθεν
1143 1968 1260 2003 ἐγέιοντο
1279 1979 1351 1999 οιους
1367 1981 1398 2003 ην
1414 1969 1482 2001 εἰκὸς
1498 1978 1501 1991 ¹
1519 1970 1613 2004 αὐτοὺς
1625 1976 1762 2011 γενέσθαι,

972 2007 1055 2058 τροφῇ
1079 2006 1255 2045 ἀνεπιπλήκτῳ
1277 2013 1427 2047 τραφέντας,
1454 2014 1651 2051 παραλαβόντες
1672 2014 1695 2044 δ’
1717 2018 1763 2045 οὖν

971 2051 996 2077 οἱ
1022 2050 1112 2081 παῖδες
1139 2050 1337 2086 τελευτήσαντος
1361 2052 1452 2105 Κυρου
1478 2056 1574 2093 τρυφῆς
1597 2070 1690 2095 μεστοι
1720 2061 1764 2087 καὶ

972 2089 1160 2127 ἆιεπιπληξίας,
1178 2093 1283 2130 πρῶτον
1298 2097 1346 2131 μὲν
1363 2095 1409 2124 τὸν
1427 2097 1513 2134 ἕτερον
1529 2098 1619 2137 α’τερος
1635 2098 1763 2130 απέκτεινε

970 2134 1005 2182 τῷ
1023 2136 1071 2171 ἴσῳ
1089 2132 1253 2172 αγανακτῶν,
1274 2148 1339 2173 μετα
1363 2138 1389 2165 δὲ
1411 2139 1488 2168 τοῦτο
1512 2139 1590 2173 αυτὸς
1609 2142 1764 2191 μαινόμενος

968 2174 1020 2204 υπὸ
1041 2178 1128 2213 μέθης
1151 2189 1177 2205 τε
1199 2190 1242 2205 και
1264 2177 1433 2212 απαιδευσίας
1453 2181 1499 2217 τὴν
1526 2181 1606 2221 ἀρχὴν
1632 2183 1764 2214 απώλεσεν

959 2216 1020 2247 ὑπὸ
1039 2217 1140 2254 Μήδων
1157 2231 1184 2247 τε
1202 2221 1246 2248 καὶ
1262 2233 1310 2249 του
1327 2223 1466 2260 λεγομένου
1482 2224 1542 2254 τότε
1558 2238 1695 2262 ευνουχου,
1713 2241 1761 2256 κα-

970 2260 1184 2298 ταφρονήσαντος
1204 2262 1248 2297 τῆς
1267 2264 1415 2301 Καμβύσου
1433 2269 1539 2304 μωρίας.
1580 2274 1634 2297 KA.
1653 2273 1763 2308 Λέγεται

970 2302 1000 2337 δὴ
1017 2302 1100 2331 ταῦτα
1116 2316 1154 2342 γε,
1172 2305 1215 2331 καὶ
1233 2306 1300 2333 εὀικέ
1314 2318 1343 2358 γε
1362 2307 1455 2342 σχεδὸν
1474 2315 1477 2328 ¹
1501 2310 1568 2338 οὕτω
1585 2323 1640 2343 πως
1656 2324 1760 2351 γεγονε-

969 2357 1018 2372 ναι.
1062 2350 1118 2374 ΑΘ.
1139 2347 1196 2374 Και
1215 2359 1265 2383 μην
1282 2360 1325 2375 και
1342 2347 1419 2378 παλιν
1435 2350 1472 2382 εἷς
1486 2355 1596 2390 Πέρσας
1614 2357 1701 2383 ελθεῖν
1718 2356 1763 2390 τὴν

970 2385 1050 2424 ἆρχὴι
1072 2387 1114 2415 διὰ
1137 2390 1250 2426 Δαρείου
1271 2391 1314 2417 καὶ
1336 2391 1386 2420 τῶν
1407 2393 1472 2421 ἑπτα
1489 2396 1590 2433 λέγεταί
1605 2409 1665 2425 που.
1708 2403 1762 2426 KA.

971 2431 1002 2459 Τί
1024 2428 1088 2467 μήνς
1132 2435 1187 2459 ΑΘ.
1216 2432 1355 2470 Θεωρῶμεν
1381 2434 1410 2470 δὴ
1436 2436 1602 2474 ξυνεπόμενοι
1627 2439 1664 2476 τῶ
1686 2439 1762 2479 λόγῳ.

971 2475 1082 2509 Δαρεῖος
1097 2471 1150 2511 γὰρ
1168 2473 1291 2509 βασιλέως
1308 2473 1354 2504 οὐκ
1370 2476 1401 2511 ἠν
1417 2478 1474 2510 υιὸς
1489 2481 1591 2508 παιδεία
1610 2493 1637 2509 τε
1656 2494 1686 2510 ου
1705 2483 1760 2510 δια·

969 2513 1093 2553 τρυφώσῃ
1118 2518 1309 2553 τεθραμμένος,
1336 2519 1422 2547 ἐλθὼν
1448 2519 1472 2548 δ’
1494 2521 1531 2553 εἷς
1552 2523 1597 2557 τὴν
1619 2521 1698 2560 ἀρχὴν
1718 2537 1762 2552 και

970 2558 1054 2595 λαβὼν
1077 2555 1155 2592 αὐτὴν
1176 2557 1284 2595 ἕβδομος
1305 2561 1409 2590 διείλετο
1436 2563 1501 2591 ἑπτόι
1526 2567 1589 2602 μέρη
1614 2565 1760 2602 τεμόμενος,

970 2602 1005 2629 ὠν
1021 2601 1065 2629 καὶ
1082 2598 1127 2627 νῦν
1145 2600 1180 2628 ἔτι
1195 2602 1290 2640 σμικρὰ
1308 2600 1428 2641 ονείρατα
1445 2607 1582 2640 λέλειπται,
1606 2620 1649 2635 και
1666 2607 1760 2645 νόμους

970 2642 1042 2678 ἠξίου
1064 2646 1176 2681 θέμενος
1197 2643 1276 2673 οἶκειν
1297 2644 1407 2681 ἰσότητα
1426 2660 1484 2676 τινα
1507 2655 1510 2669 ¹
1530 2649 1615 2684 κοινὴν
1631 2650 1759 2689 εἶςφέρων,

970 2686 1013 2714 καὶ
1034 2685 1080 2714 τὸν
1103 2686 1150 2715 τοῦ
1166 2685 1258 2725 Κυρου
1279 2688 1411 2726 δασμὸν
1401 2690 1432 2719 όν
1447 2689 1573 2726 υπέσχετο
1591 2695 1708 2729 Πέρσαις
1725 2694 1761 2725 εἷς

1790 1647 1824 1664 8ῡὸ
