1998 3084
170 1931 192 1947 3⁴]
196 1931 205 1945 Γ)

234 157 282 181 342

234 234 314 261 ἔδεισέ
338 244 365 260 τε
391 233 434 259 καὶ
461 230 538 268 ἀπῄει
565 231 637 269 σιγῇ,
670 229 844 268 ἀποχωρήσας
875 232 902 260 δὲ
929 235 954 259 ἐκ
980 232 1026 260 τοῖ·

233 275 412 312 στρατοπέδου
428 273 512 301 πολλὰ
530 273 565 310 τῷ
583 272 720 301 ,Ἀπόλλωνι
738 272 834 308 εὔχετο,
852 272 900 304 τιὶς
916 285 944 301 τε
960 276 1025 301 ἐπω-

232 318 333 365 νυμίας”
346 317 393 343 τοῦ
424 314 493 343 θεοῦ
524 313 658 342 ἀνακαλῶν
688 316 731 342 καὶ
759 314 960 351 ὑπομιμνησκων
985 316 1028 342 καὶ

233 357 356 389 ἀπαιτῶν,
379 360 441 385 εἴτι
459 369 565 385 πωποτε
583 356 598 392 ἢ
621 360 646 384 ἐν
663 356 731 384 ναῶν
753 356 984 399 οἷκοδομήσεσιν’“
968 370 984 392 η
1004 361 1029 384 ἐν

846 400 881 426 ὡν
907 398 937 434 δὴ
952 411 1029 436 χαριν

231 441 368 477 κατεύχετο
386 445 458 469 τῖσαι
475 441 536 472 τοὺς
553 440 670 476 Ἀχαιοὺς
691 441 723 469 τὰ
743 440 759 468 ἁ
778 439 875 478 δακρυα
893 444 948 472 τοῖς
966 442 1027 469 ἐκεί-

232 496 278 512 νου
297 485 400 521 βέλεσιν
420 482 508 515 ου’τως,
527 484 557 518 ἠν
575 481 599 510 δ’
619 482 676 522 ἐγω,
696 484 716 511 ὠ
733 485 825 520 ἑταῖρε,
849 482 910 511 ἄνευ
929 489 932 503 ¹
950 482 1027 520 μιμή-

232 537 298 557 σεως
315 525 382 561 ἁπλῆ
405 524 528 566 διήγησις
539 527 661 563 γίγνεται.
705 524 857 557 Μανθάνω,
877 526 932 567 ἔφη.
976 531 1028 552 VH

232 567 368 596 Μιίνθανε
390 569 486 600 τοίνυν,
512 568 543 602 ἦν
564 566 587 595 6
608 566 669 605 ἐγώ,
697 567 737 596 ὅτι
757 578 851 603 ταυτης
873 568 906 595 αὖ
928 569 1028 595 ἐναντιά

230 612 351 649 γίγνεται,
371 609 435 638 ὅταν
452 621 488 640 τις
505 609 538 638 τὰ
556 610 603 638 τοῦ
621 609 731 645 ποιητοῦ
747 609 780 638 τὰ
800 609 897 647 μεταξυ
914 609 965 638 τῶν
982 608 1027 648 ῥή-

233 665 298 681 σεων
325 652 432 689 ἐξαιρῶν
458 651 490 679 τὰ
518 650 643 689 ἇμοιβαῖα
665 654 814 689 καταλείπῃ.
861 652 916 679 Καὶ
941 651 1028 683 τοῦτο,

233 696 288 731 ἔφη,
306 693 445 732 μανθάνω,
465 693 504 722 ὅτι
523 695 577 722 ε’στι
594 693 623 722 τὸ
642 695 700 731 περῖ
718 693 764 725 τὰς
781 695 925 746 τραγῳδίας
939 694 1026 722 τοιοῦ-

232 749 284 765 τον.
325 735 489 773 Ὀρθότατα,
514 737 587 773 ἔφην,
609 735 756 785 ὗπέλαβες,.
767 737 811 763 καὶ
834 735 906 773 οἶμαί
923 748 966 764 σοι
982 735 1029 770 ἤδη

233 779 326 814 δηλοῦν
347 778 363 807 ὅ
386 780 540 816 ἔμπροσθεν
563 777 610 813 οὐχ
628 777 683 809 οἶός
699 776 720 806 τ’
740 779 762 813 ἦ,
783 778 822 806 ὅτι
840 779 883 813 τῆς
900 789 1029 813 ποιησεως

232 833 259 849 τε
281 822 324 849 καὶ
344 822 510 859 μυθολογίας
531 819 546 856 ἡ
566 823 614 858 μὲν
636 819 677 848 δια
698 819 827 858 μιμήσεως
850 826 853 840 ¹
879 819 924 855 ὅλη
951 822 1027 851 εστίι,

232 864 314 901 ὥςπερ
336 875 368 891 συ
390 865 488 912 λέγεις,-
502 863 633 901 τραγῳδία
654 874 681 890 τε
702 863 745 890 καὶ
767 863 897 899 κωμῳδία,
919 863 934 897 ἡ
953 863 979 890 δὲ
997 860 1026 889 δι

233 904 391 944 ἀπαγγελίας
409 903 489 933 αὐτοῦ
507 905 553 933 τοῦ
570 904 681 940 ποιητοῦ
699 922 738 925 -
757 904 840 942 εὕροις
858 903 880 931 6
902 916 933 932 αν
952 902 1029 939 αὐτὴν

230 947 347 999 μαλιστα
365 959 418 975 που
440 951 466 975 ἐν
487 946 661 984 διθυραμβοις
681 964 734 979 -,
756 947 772 982 ἡ
794 945 818 974 δ
839 959 872 974 av
890 945 919 974 δι’
940 958 1026 983 αμφο-

232 993 310 1027 τὲρων
333 991 358 1018 ἒι
379 1002 406 1018 τε
428 989 459 1026 τῇ
480 989 532 1017 τῶν
553 989 621 1017 ἐπῶν
641 1001 757 1024 ποιησει,
782 989 915 1024 πολλαχοῦ
938 990 964 1037 δέ
986 989 1029 1016 καὶ

233 1031 337 1065 ἄλλοθι,
356 1035 382 1060 εἶ’
393 1044 445 1069 μου
461 1030 614 1069 μανθάνεις
657 1030 731 1060 Λλλὰ
749 1033 882 1068 ξυνίημι,’
875 1033 929 1067 ἐφη,
949 1043 962 1058 ο
982 1029 1026 1058 τό-

231 1086 258 1102 τε
281 1073 388 1111 ἐβούλου
410 1076 496 1112 λέγειν.
539 1075 594 1102 Καὶ
616 1073 646 1102 τὸ
669 1073 720 1111 πρὸ
744 1072 838 1102 τούτου
861 1073 891 1109 δὴ
914 1085 1026 1122 αναμνη-

233 1120 322 1152 σθητι,
341 1116 381 1145 ὅτι
400 1118 497 1153 ἄγοιμεν
514 1130 530 1143 α
547 1119 594 1153 μὲν
611 1119 712 1144 λεκτέον
733 1115 780 1151 η’δη
798 1116 930 1153 εἶρησθαι,
950 1114 984 1146 ὠς
1002 1116 1028 1142 δὲ

231 1161 332 1187 λεκτέον
355 1160 389 1186 ἔτι
412 1161 536 1187 σκεπτέον
557 1163 628 1186 εἰναι.
672 1158 745 1208 AM&
763 1160 897 1195 μέμνημαι.
943 1157 1027 1185 Τοῦτο

231 1203 317 1229 τοίνυν
339 1199 402 1230 αὐτὸ
424 1201 455 1236 ἦν
476 1199 492 1229 ὃ
515 1202 612 1239 ἔλεγον,
642 1207 646 1221 ¹
674 1199 714 1228 ὅτι
736 1202 809 1250 χρείη
835 1198 1026 1238 διομολογησα-

232 1247 310 1276 σθαι,
328 1242 441 1281 πότερον
459 1242 570 1280 ἐασομεν
588 1242 648 1274 τοὺς
661 1242 771 1294 ποιητὰς
784 1245 955 1280 μιμουμένους
969 1241 1028 1279 ημῖν

231 1285 279 1317 τὰς
295 1285 423 1338 διηγήσεις
438 1289 586 1318 ποιεῖσθαι,
606 1284 621 1320 ἢ
637 1285 669 1313 τὰ
686 1287 733 1322 μὲν
749 1287 930 1322 μιμουμένους,
949 1284 982 1312 τὰ
1001 1285 1027 1312 δὲ

229 1327 273 1366 μή,
292 1329 335 1356 καὶ
353 1327 434 1356 ὁποῖα
453 1326 568 1365 ἑκάτερα,
587 1340 601 1363 η
620 1326 679 1356 ουδὲ
692 1330 840 1364 μιμεῖσθαι
886 1325 1026 1355 Μαντευο-

230 1383 285 1408 μαι,
310 1371 364 1406 ἔφη,
388 1372 553 1398 σκοπεῖσθαί
570 1382 608 1402 σε,
619 1370 676 1398 εἶτε
693 1368 902 1407 παραδεξόμεθα
925 1380 1025 1407 τραγῳ-

232 1414 289 1441 δίαν
314 1425 341 1441 τε
367 1413 411 1440 καὶ
436 1413 570 1462 κωμῳδίαν
596 1412 632 1443 εἷς
657 1411 703 1447 τὴν
728 1411 815 1443 πόλιν,
843 1414 892 1440 εἴτε
918 1412 962 1439 καὶ
988 1423 1027 1439 ου.

232 400 306 437 ἶερῶν
328 401 437 430 θυσίαις
457 401 640 436 κεχαρισμένον
662 398 817 436 δωρήσαιτο”

227 1454 309 1487 ”Ισως,
332 1467 362 1490 ⁷7²
384 1454 407 1482 6
428 1454 487 1493 ἐγώ
511 1457 573 1485 ἴσως
594 1455 621 1482 δὲ
642 1455 686 1482 καὶ
706 1456 784 1482 πλειω
808 1455 843 1482 ε’τι
864 1450 1028 1482 τουτων·οὖ

231 1497 282 1536 γὰρ
305 1497 334 1533 δὴ
357 1498 436 1535 ἔγωγέ
451 1509 492 1525 πω
511 1495 581 1529 οἶδα,
608 1495 659 1524 ἀλλ’
679 1495 732 1533 όπῃ
756 1495 787 1524 ἄν
809 1495 823 1524 ὁ
846 1495 924 1535 λόγος
946 1506 1028 1533 ωςπερ

231 1540 330 1577 πνεῦμα
352 1542 429 1577 φέρῃ,
451 1538 533 1576 ταύτῃ
555 1539 629 1568 ι’τέον.
672 1540 728 1567 Και
750 1538 832 1570 καλῶς
852 1537 885 1577 γ’,
910 1539 968 1575 ἐφη,
988 1540 1026 1566 λε’-

231 1594 290 1621 γεις.
315 1588 319 1603 ¹
346 1581 411 1610 Τόδε
428 1583 521 1614 τοίνυν,
540 1583 560 1610 ὦ
577 1583 729 1619 Λδείμαντε,
749 1580 837 1618 α’θρει,
855 1580 968 1618 πότερον
984 1593 1026 1617 μι-

231 1624 352 1663 μητικοὺς
378 1624 438 1662 ἡμῖν
465 1625 503 1652 δεῖ
527 1622 592 1652 εἶναι
617 1623 678 1655 τοὺς
703 1622 820 1660 φυλακας
840 1622 856 1659 ἢ
878 1622 921 1656 ου’,
948 1622 964 1658 ἢ
986 1635 1028 1650 και

232 1667 310 1696 τοῦτο
334 1671 388 1698 τοῖς
411 1668 565 1705 ἔμπροσθεν
587 1667 685 1699 ἕπεται,
705 1665 744 1695 ὅτι
762 1670 797 1697 εἱς
815 1666 923 1715 ἕκαστος
941 1666 965 1693 ἓν
981 1667 1029 1702 μὲν

234 1709 265 1738 ἄν
268 1709 434 1759 μ,ἐπιτήδευμα
457 1710 540 1740 καλῶς
558 1708 708 1744 ἐπιτηδευοι,
724 1707 808 1737 πολλα
827 1706 850 1735 6
872 1707 914 1740 ου’,
935 1706 986 1736 ἇλλ
1006 1707 1028 1737 εἷ

232 1765 310 1783 τουτο
334 1756 468 1791 ἐπιχειροῖ,
494 1752 597 1781 πολλων
624 1750 802 1790 ἐφαπτῡμενος
826 1749 931 1780 πάντων
958 1750 1026 1780 ἀπο-

231 1795 355 1835 τυγχάνοι
373 1795 411 1828 α’ν,
431 1794 484 1827 ω’ςτ’
505 1794 571 1824 εἷναί
586 1807 639 1824 που
657 1795 801 1833 ἐλλόγιμοςς
825 1797 857 1823 Τί
874 1793 897 1822 6
919 1792 949 1823 οὖ
965 1797 1025 1831 μέλ-

232 1841 280 1872 λεις
310 1837 409 1866 Οὐκοῦν
435 1851 478 1866 και
500 1839 558 1875 περὶ
578 1838 708 1879 μιμήσεως
729 1836 743 1866 ὁ
768 1836 846 1869 αυτὸς
871 1836 961 1876 λόγος,
989 1835 1028 1865 ὅτι

232 1880 315 1909 πολλὰ
339 1879 352 1908 ὁ
377 1878 455 1912 αυτὸς
475 1883 616 1917 μιμεῖσθαι
638 1881 666 1908 εὖ
688 1879 769 1917 ὥςπερ
798 1880 823 1908 ἓν
849 1892 880 1908 ου
907 1878 1027 1912 δυνατός

235 1921 271 1952 Ου
291 1922 343 1961 γὰρ
366 1935 419 1951 ουν.
462 1922 550 1960 Σχολῇ
578 1921 629 1960 α’ρα
656 1921 852 1958 ἐπιτηδεύσει*
877 1924 907 1960 γέ
927 1934 951 1950 τι
974 1921 1027 1958 α’μα

232 1965 283 1994 τῶν
301 1964 379 1997 ἀξίων
395 1964 476 2004 λόγου
494 1964 698 2002 ἐπιτηδευμάτων
721 1966 765 1992 καὶ
785 1964 869 1993 πολλὰ
890 1963 1028 2002 μιμήσεται

232 2009 276 2036 καὶ
294 2009 366 2036 ἔσται
377 2006 522 2053 μιμητικός,
541 2009 596 2036 ἐπεί
611 2019 664 2036 που
682 2005 741 2035 οὐδὲ
758 2007 791 2035 τὰ
810 2007 936 2035 δοκοῦντα
951 2004 1030 2059 ἐγγυς

234 2049 346 2085 ἆλληλων
363 2054 428 2078 εἰιαι
447 2049 491 2078 δύο
509 2049 642 2087 μιμήματα
661 2047 769 2077 δύναιντ
790 2062 821 2077 αν
840 2050 866 2077 οἶ
884 2047 958 2077 αυτοὶ
975 2047 1028 2086 οίμα

232 2093 260 2121 εὖ
276 2096 425 2129 μιμεῖσθαι,
442 2090 498 2120 οἷον
515 2093 648 2129 κωμῳδίαν
665 2093 708 2119 καὶ
726 2092 870 2130 τραγῳδίαν
886 2091 1028 2121 ποιοῦντες.

232 2134 247 2170 ἢ
266 2147 297 2163 ου
318 2134 445 2172 μιμήματε
469 2133 525 2172 ἇίρτι
547 2146 630 2163 τουτω
653 2133 759 2167 ἐκαλειςς
778 2133 885 2172 Εγωγε
904 2146 947 2161 και
966 2131 1027 2168 αλη-

234 2177 273 2212 θῆ
294 2189 323 2215 γε
346 2179 435 2215 λέγεις,
464 2176 503 2205 ὅτι
526 2175 557 2205 οὐ
582 2176 702 2205 δύνανται
725 2178 751 2204 οἶ
770 2175 850 2204 αὐτοὶ.
897 2174 962 2204 Οὐδὲ
979 2174 1029 2212 μὴν

233 2220 354 2258 ῥαψῳδοί
369 2231 398 2257 γε
415 2220 458 2247 καὶ
475 2218 613 2256 ὑποκριταὶ
635 2218 696 2256 ἅμα.
740 2218 845 2254 Ἀληθῆ,
888 2216 950 2247 Ἀλλ’
971 2215 1031 2246 οὗδέ

234 2274 276 2290 τοι
296 2260 434 2298 ὖποκριται
455 2262 586 2298 κωμῳδοῖς
607 2273 634 2289 τε
652 2274 694 2289 και
712 2262 856 2310 τραγῳδοῖς
874 2267 878 2281 ¹
898 2261 925 2289 οῖ
943 2258 1028 2288 αὖτοί“

233 2316 320 2332 παντα
347 2305 373 2331 δὲ
399 2304 481 2331 ταῦτα
501 2316 642 2341 μιμηματα.
668 2302 683 2339 ἢ
707 2316 749 2336 ους
778 2302 932 2340 Μιμηματα.
975 2302 1030 2330 Και

236 2347 271 2374 ἔτι
287 2358 316 2384 γε
334 2357 439 2378 τουτων,
459 2347 478 2373 αἱ
496 2347 646 2383 Αδείμαντε,
670 2347 789 2382 φαίνεταί
804 2357 850 2382 μοι
867 2356 903 2376 εις
921 2343 1028 2395 σμικρό-

234 2400 296 2426 τερα
314 2390 585 2425 κατακεκερματίσθαι
606 2387 621 2423 ἡ
644 2388 690 2416 τοῦ
709 2386 856 2425 ἀνθρώπου
872 2386 957 2424 φύσις,
974 2384 1028 2417 ὥστ’

237 2429 364 2462 ἆδύνατος
385 2429 449 2458 εἶναι
470 2430 554 2458 πολλὰ
572 2430 655 2461 καλῶς
671 2433 812 2479 μιμεῖσθαι
829 2429 844 2465 ἢ
863 2428 929 2458 αὐτὰ
948 2432 1029 2457 ἐκεῖνα

234 2473 356 2511 πράττειν
374 2474 409 2501 ὠν
426 2472 456 2523 δη
473 2485 516 2500 και
534 2472 565 2500 τὰ
582 2471 716 2510 μιμήματα
739 2476 808 2500 ἐστιν
830 2470 1029 2509 ἀφομοιώματα-

235 2517 422 2551 Λληθέστατα,
440 2515 455 2550 ἠ
474 2513 497 2542 δ’
517 2514 553 2546 ὅς
598 2521 660 2541 vm.
681 2515 711 2542 Ει
723 2513 781 2566 ἄρα
799 2514 845 2542 τὸν
861 2526 967 2551 πρωτον
983 2512 1027 2541 λό-

235 2570 283 2596 γον
301 2556 476 2595 διασώσομεν,
499 2556 559 2588 τοὺς
581 2556 697 2609 φυλακας
718 2555 777 2593 ημῖν
799 2556 849 2585 τῶν
872 2556 955 2584 α’λλων
975 2568 1028 2583 πα-

237 2601 290 2628 σῶν
312 2599 481 2638 δημιουργιῶν
503 2597 654 2636 ἀφειμένους
675 2600 727 2626 δεῖν
753 2611 818 2626 ειναι
837 2597 1007 2636 δημιουργους
1025 2603 1028 2618 ¹

237 2644 386 2680 ἐλευθερίας
406 2642 450 2678 τῆς
469 2641 570 2690 πόλεως
590 2653 658 2668 πανυ
681 2639 792 2692 ακριβεῖς
813 2654 855 2669 και
871 2642 949 2679 μηδὲν
967 2639 1029 2668 ἄλλο

237 2684 389 2719 ἐπιτηδευειν
407 2683 423 2712 ὅ
440 2697 463 2712 τι
479 2683 513 2720 μὴ
535 2684 571 2715 εἰς
592 2695 668 2711 τουτο
691 2685 769 2720 φέρει,
789 2682 863 2712 οὐδὲν
881 2683 910 2719 δὴ
928 2684 981 2711 δέοι
999 2694 1031 2710 αν

903 153 1196 179 PLATONIS

1055 256 1057 261 .
1079 231 1172 262 αὐτοὺς
1191 230 1251 260 ι’ίλλο
1270 231 1391 269 πράττειν
1413 231 1471 260 οὐδὲ
1493 235 1642 269 μιμεῖσθαι·
1670 230 1714 258 ἐὰν
1732 231 1758 259 δὲ
1774 231 1871 267 μιμῶν-

1079 286 1128 306 ται,
1145 277 1287 310 μιμεῖσθαι
1310 274 1342 302 τὰ
1364 274 1466 305 τούτοις
1487 273 1648 311 προςήκοντα
1667 271 1749 304 εὐθὺς
1766 276 1792 300 ἐκ
1809 275 1871 301 παί-

1079 317 1136 347 δων,
1142 314 1294 363 ἀνδρείους,
1313 315 1459 365 σώφρονας,
1483 316 1578 347 ὁσίους,
1603 317 1762 352 ἐλευθέρους,
1781 316 1824 343 καὶ
1841 315 1873 343 τὰ

1080 357 1187 385 τοιαῦτα
1209 356 1307 389 πάντα,
1333 357 1366 385 τὰ
1388 359 1414 385 δὲ
1437 356 1596 395 ανελεύθερα
1618 369 1680 395 μητε
1706 361 1790 385 ποιεῖν
1811 357 1873 394 μήτε

1080 398 1177 430 δεινοὺς
1198 411 1263 426 ειναι
1282 398 1465 452 μιμήσασθαι,
1490 401 1553 436 μηδὲ
1577 399 1638 428 ἄλλο
1659 400 1738 436 μηδὲν
1759 399 1810 427 τῶν
1832 399 1872 427 αἶ-

1081 441 1176 478 σχρῶν,
1200 453 1241 468 ινα
1257 440 1292 477 μὴ
1312 444 1338 468 ἐκ
1354 441 1398 477 τῆς
1417 441 1546 479 μιμήσεως
1567 442 1614 470 τοῦ
1632 453 1668 469 ειι
1671 453 1697 468 αι
1715 440 1872 469 ἀπολαύσω-

1081 495 1128 511 σιν.
1154 481 1170 518 ἢ
1192 481 1238 511 οὐκ
1260 482 1393 519 ᾔσθησαι,
1422 489 1425 504 ¹
1450 483 1490 512 ὅτι
1512 496 1539 511 αι
1559 483 1684 521 μιμήσεις,
1708 483 1752 511 ἐὰν
1771 487 1796 512 ἐκ
1813 486 1875 512 νέων

1079 524 1170 563 πόρῥω
1189 526 1375 558 διατελέσωσιι,
1398 525 1434 557 εἷς
1452 526 1503 561 ’έθη
1524 538 1551 554 τε
1569 527 1612 554 καὶ
1630 525 1708 562 φύσιν
1726 527 1873 554 καθίσταν-

1079 579 1122 595 ται
1139 579 1182 594 και
1199 566 1265 595 κατὰ
1284 566 1359 604 σῶμα
1377 568 1420 595 καὶ
1437 568 1525 603 φωνὰς
1542 569 1585 596 καῖ
1602 567 1668 596 κατὰ
1686 580 1731 603 την
1746 567 1874 601 διάνοιανς

1081 610 1135 636 Και
1150 608 1233 646 μαλα,
1256 610 1272 644 ἡ
1293 608 1316 636 6
1337 608 1372 640 ὅς.
1419 608 1454 637 Οὐ
1477 609 1507 644 δὴ
1529 612 1707 659 ἐπιτρέψομεν,
1725 622 1755 645 ην
1773 609 1796 637 6
1817 609 1874 648 ἐγώ,

1080 653 1115 679 ὠν
1132 654 1217 688 φαμὲν
1238 650 1369 686 κηδεσθαι
1390 663 1432 679 και
1455 652 1506 679 δεῖν
1524 650 1618 683 αυτοὺς
1641 651 1735 689 ανδρας
1753 650 1877 690 αγαθοὺς

1079 696 1218 732 γενέσθαι,
1240 696 1349 731 γυναῖκα
1366 697 1507 730 μιμεῖσθαι
1527 692 1629 744 ἄνδρας,1
1640 693 1728 726 όντας,
1751 693 1766 729 ἢ
1784 696 1843 722 νέαν
1860 693 1875 729 ἢ

1079 734 1295 773 πρεσβυτέραν,“
1280 748 1295 770 η
1315 733 1386 772 ἀνδρὶ
1404 735 1629 773 λοιδορουμένην”
1614 749 1630 771 η
1644 737 1711 774 πρὸς
1726 736 1809 767 θεοὺς
1823 738 1873 774 ἐρί-

1080 777 1176 810 ζουσαν
1197 789 1224 806 τε
1246 778 1289 805 καὶ
1309 780 1562 815 μεγαλαυχουμένην,
1590 778 1708 815 οἰομένην
1734 777 1875 815 εὐδαίμονα

1079 832 1155 852 ειναι,
1181 819 1197 855 ἢ
1219 823 1245 847 ἐν
1267 822 1412 857 ξυμφοραις
1433 831 1460 847 τε
1482 821 1525 847 καὶ
1546 822 1659 848 πένθεσι
1677 826 1681 841 ¹
1700 821 1744 848 καὶ
1766 820 1876 858 θρήνοις

1080 864 1210 899 ἐχομένην
1238 860 1389 899 κάμνουσαν
1411 860 1470 889 δὲ
1454 874 1470 897 η
1488 862 1589 899 ἐρῶσαν
1606 861 1621 897 ἢ
1639 860 1790 895 ὠδίνουσαν,
1808 865 1873 891 πολ-

1079 905 1126 932 λοῦ
1142 915 1172 942 γε
1189 916 1233 932 και
1251 902 1382 941 δεήσομεν.
1425 903 1589 932 Πανταπασι
1608 907 1656 941 μὲν
1677 916 1734 936 ουν,
1756 905 1771 939 ἠ
1794 903 1818 932 6’
1839 904 1876 936 ὃς.

1082 944 1148 974 Οὐδὲ
1163 958 1192 984 γε
1211 945 1305 977 δουλας
1323 958 1349 974 τε
1367 958 1409 974 και
1428 945 1535 977 δούλους
1556 958 1720 984 πραττοντας
1741 946 1794 975 ὅσα
1813 946 1873 975 δου-

1079 991 1135 1016 λων.
1182 987 1246 1017 Ουδὲ
1264 988 1350 1016 τοῦτο.
1389 986 1454 1017 Ουὸέ
1469 1000 1499 1026 γε
1518 987 1613 1026 α’νδρας
1629 987 1731 1021 κακούς,
1750 987 1784 1020 ὦς
1802 989 1874 1021 ἔοικε,

1080 1029 1176 1062 δειλους
1197 1042 1224 1058 τε
1245 1031 1289 1058 καὶ
1309 1030 1342 1058 τὰ
1365 1032 1465 1058 ἐναντία
1486 1042 1650 1083 πραττοντας
1672 1032 1707 1058 ὠν
1728 1030 1773 1059 νῦν
1790 1031 1820 1066 δὴ
1838 1033 1873 1059 ει-

1078 1084 1173 1125 πομεν,
1195 1072 1404 1111 κακηγοροῦντας
1425 1084 1451 1101 τε
1473 1085 1516 1100 και
1543 1072 1728 1110 κωμῳδοῦντας
1754 1071 1876 1108 ἀλλήλους

1077 1127 1121 1143 και
1140 1115 1385 1153 αἰσχρολογοῦντας,
1408 1114 1591 1152 μεθυοντας
1575 1128 1591 1151 η
1609 1116 1653 1143 καὶ
1670 1119 1683 1133 *
1701 1126 1841 1167 νηφοντας,
1859 1113 1875 1151 ἢ

1078 1170 1121 1185 και
1145 1156 1209 1185 ἆλλα
1228 1156 1280 1185 ὅσα
1299 1158 1324 1186 οἱ
1342 1157 1457 1186 τοιοῦτοι
1478 1170 1521 1185 και
1540 1161 1565 1185 ἐν
1582 1156 1670 1196 λόγοις
1687 1158 1730 1185 καὶ
1748 1161 1774 1185 ἐν
1792 1159 1876 1195 ἔργοις

1080 1198 1273 1237 ἇμαρτοὶνουσιν
1294 1200 1330 1231 εἷς
1353 1198 1447 1231 αὐτούς
1467 1211 1495 1228 τε
1517 1201 1559 1227 καὶ
1577 1200 1613 1231 εἷς
1632 1198 1730 1231 ἄλλους.
1758 1198 1829 1237 οἶμαι
1848 1200 1875 1228 δὲ

1080 1240 1138 1270 οὐδὲ
1158 1244 1322 1279 μαινομένοις
1343 1244 1466 1270 ἐθιστέον
1488 1240 1634 1279 ἀφομοιοῦν
1658 1240 1751 1273 αὖτοὺς
1777 1245 1803 1270 ἐν
1828 1241 1872 1270 λό-

1077 1295 1134 1322 γοις
1157 1282 1212 1312 οὐδ’
1233 1287 1259 1311 ἐν
1282 1285 1371 1322 ἔργοις.
1398 1286 1528 1322 γνωστέον
1548 1287 1594 1321 μὲν
1614 1284 1666 1322 γὰρ
1687 1285 1730 1312 καὶ
1750 1286 1873 1322 μαινομέ-

1078 1337 1138 1357 νους
1155 1327 1197 1354 καὶ
1215 1325 1345 1364 πονηροὺς
1367 1325 1463 1363 ἄνδρας
1484 1338 1511 1354 τε
1532 1327 1576 1354 καὶ
1596 1329 1731 1364 γυναῖκας,
1754 1328 1876 1362 ποιητέον

1079 1370 1105 1396 δὲ
1128 1367 1204 1397 ουδὲν
1225 1367 1324 1396 τούτων
1346 1366 1405 1396 οὐδὲ
1426 1371 1554 1405 μιμητέον.
1598 1371 1791 1404 Λληθέστατα,
1819 1369 1873 1405 ἔφη.

1081 1413 1111 1438 Τί
1127 1409 1163 1444 6²,·
1181 1411 1211 1446 ἠν
1229 1408 1252 1438 δ’
1274 1409 1332 1449 ἐγώ
1350 1410 1550 1446 χαλκεύοντας’
1540 1410 1555 1446 η’
1570 1423 1594 1439 τι
1610 1409 1671 1439 ἄλλο
1688 1410 1873 1449 δημιουργοῦν-

1078 1464 1131 1486 τας,
1154 1452 1169 1489 ἦ
1191 1452 1344 1484 ἐλαύνοντας
1365 1464 1473 1501 τριηρεις
1493 1452 1508 1488 ἢ
1526 1452 1675 1484 κελεύοντας
1692 1452 1800 1486 τούτοις,
1818 1451 1834 1489 η’
1850 1465 1876 1481 τι

1080 1494 1141 1524 limo
1164 1495 1215 1523 τῶν
1236 1507 1292 1547 περι
1318 1501 1323 1516 ¹
1345 1495 1427 1523 ταῦτα
1444 1498 1577 1532 μιμητέον;
1604 1496 1660 1523 Και
1681 1495 1743 1528 πῶς,
1763 1496 1818 1532 ε’φη,
1837 1493 1876 1526 οἷς

1077 1550 1106 1576 γε
1125 1535 1185 1566 οὐδὲ
1201 1540 1332 1576 προςέχειν
1350 1537 1395 1566 τὸν
1412 1538 1474 1566 νοῦν
1491 1550 1589 1566 τουτων
1607 1536 1690 1566 ουδενὶ
1709 1540 1821 1571 ἐξέσταις
1845 1539 1877 1565 Τι’

1079 1581 1117 1614 δέ,·
1135 1582 1230 1612 ι’ππους
1246 1581 1440 1617 χρεμετίζοντας
1460 1581 1504 1608 καὶ
1525 1591 1636 1618 ταυρους
1651 1582 1814 1618 μυκωμένους
1831 1592 1874 1608 και

1078 1622 1213 1659 ποταμοὺς
1242 1623 1404 1663 ψοφοῦντας
1422 1635 1466 1650 και
1492 1622 1631 1651 θαλατταν
1656 1622 1808 1651 κτυποῦσαν
1832 1623 1876 1651 καὶ

1079 1665 1188 1702 βροντὰς
1205 1678 1248 1693 και
1265 1677 1352 1693 παντα
1371 1677 1404 1693 αυ
1419 1665 1451 1693 τὰ
1466 1666 1575 1693 τοιαῦτα
1593 1665 1608 1700 ἦ
1624 1664 1794 1703 μιμήσονταις
1811 1662 1873 1694 AM?

1079 1706 1213 1747 ἀπείρηται
1232 1706 1330 1742 αὐτοῖς,
1351 1708 1410 1745 ἔφη,
1431 1707 1494 1746 μήτε
1510 1709 1656 1746 μαίιεσθαι
1672 1706 1735 1759 μήτε
1751 1709 1874 1747 μαινομέ-

1079 1763 1132 1783 νοις
1155 1750 1366 1789 ἀφομοιοῦσθαι.
1411 1752 1442 1779 Εἰ
1465 1750 1514 1789 ἄρ’,
1537 1752 1568 1787 ἠν
1585 1750 1609 1779 6
1631 1751 1687 1790 ἐγω,
1709 1750 1840 1788 μανθανω
1859 1749 1876 1779 α“

1079 1794 1112 1822 συ
1130 1797 1216 1832 λέγεις,
1237 1796 1290 1822 ἔστι
1307 1806 1331 1822 τι
1349 1792 1417 1825 εἶδος
1433 1793 1523 1826 λέξεώς
1540 1806 1566 1822 τε
1584 1806 1628 1822 και
1646 1793 1793 1832 διηγησεως,
1813 1797 1838 1822 ἐν
1856 1795 1875 1831 ᾧ

1080 1849 1112 1864 αν
1129 1835 1275 1875 διηγοῖτοί
1263 1849 1277 1864 ο
1296 1836 1331 1873 τῷ
1350 1835 1404 1865 ὄντι
1421 1836 1499 1868 καλος
1518 1843 1521 1857 ¹
1540 1834 1672 1874 καγαθός,
1689 1835 1770 1865 ὁπότε
1784 1848 1808 1865 τι
1824 1837 1876 1865 δέοι

1080 1877 1159 1907 αυτὸν
1175 1881 1263 1917 λέγειν,
1282 1891 1325 1906 και
1344 1879 1429 1916 ἕτερον
1448 1879 1480 1906 αὖ
1499 1877 1624 1916 ανόμοιον
1645 1878 1728 1916 τούτῳ
1750 1876 1825 1911 εἶδος,
1845 1879 1876 1907 οὐ

1079 1933 1110 1949 αν
1128 1922 1212 1956 ἔχοιτο
1232 1919 1272 1949 ἀεὶ
1289 1934 1332 1949 και
1351 1924 1376 1949 ἐν
1394 1922 1413 1958 ᾠ
1429 1919 1574 1973 διηγοῖτο’
1560 1933 1574 1949 ο
1591 1923 1708 1952 ἐναντίως
1726 1922 1809 1958 ἐκείνῳ
1827 1919 1876 1957 φύς

1078 1975 1105 1991 τε
1123 1964 1166 1991 καὶ
1183 1965 1294 2001 τραφείς.
1338 1967 1412 1991 Ποῖα
1431 1962 1468 1999 δή,
1488 1964 1542 1999 ἔφη,
1558 1963 1653 1997 ταῦῐα;
1669 1962 1697 1992 ‘0
1710 1965 1756 2000 μέν
1768 1975 1814 2000 μοι
1829 1964 1874 1992 60-

1079 2009 1127 2038 κεῖ,
1150 2006 1181 2041 ἦν
1199 2004 1222 2033 6
1243 2004 1304 2044 ἐγω,
1325 2008 1428 2043 μέτριος
1445 2003 1521 2043 ανήρ,
1541 2005 1643 2034 ἐπειδὰν
1662 2004 1782 2054 ἀφίκηται
1801 2008 1826 2033 ἐν
1843 2004 1875 2042 τῇ

1080 2047 1193 2086 διηγήσει
1211 2049 1251 2076 ἐπι
1270 2050 1335 2080 λέξιν
1353 2048 1408 2076 τινα
1423 2047 1439 2083 ἢ
1453 2048 1547 2085 πρᾶξιν
1566 2046 1659 2085 ανδρὸς
1677 2046 1794 2086 ἅγαθοῦ,
1811 2050 1873 2076 ἐθε-

1079 2089 1164 2125 λήσειν
1186 2089 1220 2121 ὧς
1241 2088 1319 2121 αὐτὸς
1339 2089 1376 2118 ὧν
1397 2093 1492 2121 ἐκεῖνος
1514 2088 1681 2136 ἀπαγγέλλειν
1702 2091 1745 2118 καὶ
1767 2087 1814 2119 οὔκ
1832 2089 1874 2118 αἷ-

1080 2136 1238 2168 σχυνεῖσθαι
1260 2133 1301 2160 ἐπὶ
1323 2133 1354 2169 τῆ
1376 2131 1483 2169 τοιαύτῃ
1504 2145 1619 2170 μιμησει,
1637 2132 1750 2170 μάλιστα
1767 2134 1814 2170 μὲν
1830 2144 1873 2169 μι-

1078 2186 1207 2224 μουμενος
1232 2174 1278 2203 τὸν
1304 2173 1413 2213 ἀγαθὸν
1440 2173 1564 2211 ἀσφαλῶς
1588 2187 1615 2203 τε
1641 2175 1685 2202 καὶ
1711 2173 1843 2212 εμφρόνως
1869 2180 1873 2195 ¹

1080 2216 1241 2267 πραττοντα,
1265 2216 1360 2245 ἐλάττω
1382 2218 1409 2245 δὲ
1426 2230 1468 2245 και
1484 2208 1600 2252 Γί];’ττον’Ι
1585 2230 1600 2252 η
1617 2216 1669 2246 υπὸ
1688 2216 1773 2245 νόσων
1789 2215 1805 2252 ἢ
1821 2215 1873 2245 ὑπὸ

1081 2258 1181 2297 ἐρώτων
1202 2261 1363 2296 ἐσφαλμένον
1382 2258 1398 2295 ἢ
1420 2272 1461 2287 και
1483 2258 1535 2288 ὑπὸ
1557 2262 1643 2296 μέθης
1663 2258 1679 2295 ἤ
1705 2270 1774 2291 τινος
1800 2257 1875 2309 α’λλης

1081 2302 1224 2339 ξυμφορᾶς·
1253 2301 1317 2329 ὅταν
1339 2302 1366 2330 δὲ
1386 2303 1503 2340 γίγνηται
1525 2301 1591 2330 κατά
1618 2314 1674 2330 τινα
1696 2301 1790 2330 ἑαυτοῦ
1809 2299 1872 2329 ανιὶ-

1081 2347 1142 2377 ξιον,
1162 2343 1208 2372 οὐκ
1227 2343 1362 2379 ἐθελήσειν
1380 2344 1482 2393 σπουδῇ
1501 2342 1643 2376 ἆπεικαζειν
1660 2343 1753 2373 ἑαυτὸν
1769 2343 1805 2381 τῷ
1819 2345 1872 2380 χεί-

1080 2398 1148 2423 ρονι,
1171 2398 1194 2414 ει
1214 2385 1249 2423 μὴ
1272 2384 1323 2423 ἄρα
1346 2386 1411 2414 κατὰ
1434 2385 1524 2424 βραχύ,
1547 2385 1611 2414 ὅταν
1631 2398 1656 2414 τι
1671 2385 1786 2424 χρηστὸν
1802 2385 1873 2423 ποιῇ,

1081 2427 1133 2456 ἀλλ
1154 2429 1352 2463 αἰσχυνεῖσθαι,
1379 2428 1432 2466 α’μα
1453 2431 1500 2465 μὲν
1522 2427 1687 2467 αγυμναστος
1707 2427 1743 2456 ὢν
1763 2428 1811 2456 τοῦ
1829 2440 1872 2466 μι-

1079 2474 1193 2508 μεῖσθαι
1210 2470 1270 2502 τοὺς
1288 2481 1433 2503 τοιουτους,
1456 2470 1510 2508 ἅμα
1533 2472 1560 2499 δὲ
1577 2483 1620 2498 και
1642 2471 1808 2508 ὅυςχεραίνων
1825 2468 1872 2498 αὖ·

1080 2513 1126 2541 τὸν
1144 2512 1274 2550 ἐκμάττειν
1292 2525 1318 2540 τε
1336 2514 1379 2540 καὶ
1397 2512 1527 2541 ἐνιστάναι
1548 2513 1584 2544 εἰς
1605 2512 1665 2544 τοὺς
1682 2513 1733 2541 τῶν
1749 2511 1874 2541 κακιόνων

1080 2555 1183 2588 τύπους,
1205 2561 1209 2576 ¹
1227 2554 1353 2593 ἀτιμάζων
1371 2555 1402 2593 τῇ
1421 2556 1528 2590 διανοίᾳ,
1547 2554 1563 2583 ὅ
1579 2567 1603 2583 τι
1619 2555 1654 2592 μὴ
1671 2554 1776 2587 παιδιᾶς
1790 2554 1872 2606 χρῖριν.

1081 2597 1165 2630 Εἷκός,
1185 2599 1238 2634 ἔφη.
1283 2604 1325 2625 ΙΧ.
1347 2596 1446 2626 Οὐκοῦν
1467 2596 1580 2635 διηγήσει
1599 2596 1724 2635 χρήσεται
1745 2599 1787 2633 οι’ᾳ
1804 2595 1874 2649 ἧμεις

1081 2638 1168 2678 ολίγον
1185 2639 1330 2689 πρότερον
1336 2639 1477 2677 διήλθομεν
1497 2651 1556 2691 περι
1577 2639 1610 2667 τὰ
1628 2640 1675 2668 τοῦ
1690 2639 1800 2677 Ὁμήρου
1818 2640 1872 2674 ἔπη,

1080 2694 1123 2710 και
1150 2684 1222 2711 ἔσται
1249 2681 1330 2711 αυτοῦ
1352 2681 1366 2717 ἦ
1388 2685 1451 2714 λέξις
1475 2684 1620 2719 μετέχουσα
1640 2685 1687 2719 μὲν
1714 2680 1871 2720 ἀμφοτέρων,
