<?xml version="1.0" encoding="UTF-8"?>
<!DOCTYPE html PUBLIC "-//W3C//DTD XHTML 1.0 Transitional//EN"
    "http://www.w3.org/TR/xhtml1/DTD/xhtml1-transitional.dtd">
<html xmlns="http://www.w3.org/1999/xhtml" xml:lang="en" lang="en">
 <head>
  <title>
</title>
<meta http-equiv="Content-Type" content="text/html;charset=utf-8" />
  <meta name='ocr-system' content='tesseract 3.04.00' />
  <meta name='ocr-capabilities' content='ocr_page ocr_carea ocr_par ocr_line ocrx_word'/>
</head>
<body>
  <div class='ocr_page' id='page_1' title='image "./operaomniaunovol00platuoft/operaomniaunovol00platuoft_0246.png"; bbox 0 0 1998 3084; ppageno 0'>
   <div class='ocr_carea' id='block_1_1' title="bbox 182 465 215 482">
    <p class='ocr_par' dir='ltr' id='par_1_1' title="bbox 182 465 215 482">
     <span class='ocr_line' id='line_1_1' title="bbox 182 465 215 482; baseline 0 0"><span class='ocrx_word' id='word_1_1' title='bbox 182 465 215 482; x_wconf 89' lang='grc'><strong><em>117</em></strong></span> 
     </span>
    </p>
   </div>
   <div class='ocr_carea' id='block_1_2' title="bbox 199 1475 215 1492">
    <p class='ocr_par' dir='ltr' id='par_1_2' title="bbox 199 1475 215 1492">
     <span class='ocr_line' id='line_1_2' title="bbox 199 1475 215 1492; baseline -0.063 0"><span class='ocrx_word' id='word_1_2' title='bbox 199 1475 215 1492; x_wconf 68' lang='lat' dir='ltr'><strong><em>t»</em></strong></span> 
     </span>
    </p>
   </div>
   <div class='ocr_carea' id='block_1_3' title="bbox 185 2109 218 2127">
    <p class='ocr_par' dir='ltr' id='par_1_3' title="bbox 185 2109 218 2127">
     <span class='ocr_line' id='line_1_3' title="bbox 185 2109 218 2127; baseline 0 0"><span class='ocrx_word' id='word_1_3' title='bbox 185 2109 218 2127; x_wconf 82' lang='lat'><strong><em>118</em></strong></span> 
     </span>
    </p>
   </div>
   <div class='ocr_carea' id='block_1_4' title="bbox 245 171 294 197">
    <p class='ocr_par' dir='ltr' id='par_1_4' title="bbox 245 171 294 197">
     <span class='ocr_line' id='line_1_4' title="bbox 245 171 294 197; baseline -0.02 0"><span class='ocrx_word' id='word_1_4' title='bbox 245 171 294 197; x_wconf 69' lang='lat'><strong><em>2⁶20</em></strong></span> 
     </span>
    </p>
   </div>
   <div class='ocr_carea' id='block_1_5' title="bbox 243 243 1039 719">
    <p class='ocr_par' dir='ltr' id='par_1_5' title="bbox 243 243 1039 704">
     <span class='ocr_line' id='line_1_5' title="bbox 662 243 1036 283; baseline 0 -8"><span class='ocrx_word' id='word_1_5' title='bbox 662 253 717 275; x_wconf 90' lang='grc' dir='ltr'><strong><em>ΣΩ.</em></strong></span> <span class='ocrx_word' id='word_1_6' title='bbox 738 246 800 275; x_wconf 71' lang='grc' dir='ltr'><strong><em>Εἶτα</em></strong></span> <span class='ocrx_word' id='word_1_7' title='bbox 819 248 910 280; x_wconf 74' lang='grc' dir='ltr'><strong><em>τοῦτο,</em></strong></span> <span class='ocrx_word' id='word_1_8' title='bbox 934 243 955 275; x_wconf 78' lang='grc' dir='ltr'><em>ὦ</em></span> <span class='ocrx_word' id='word_1_9' title='bbox 972 249 1036 283; x_wconf 86' lang='grc' dir='ltr'><strong><em>φίλε,</em></strong></span> 
     </span>
     <span class='ocr_line' id='line_1_6' title="bbox 246 288 937 328; baseline -0.003 -10"><span class='ocrx_word' id='word_1_10' title='bbox 246 289 346 328; x_wconf 72' lang='grc' dir='ltr'><strong><em>ἀγνοεῖς</em></strong></span> <span class='ocrx_word' id='word_1_11' title='bbox 371 290 401 318; x_wconf 85' lang='grc' dir='ltr'><strong><em>τὸ</em></strong></span> <span class='ocrx_word' id='word_1_12' title='bbox 428 289 543 325; x_wconf 80' lang='grc' dir='ltr'><strong><em>παθημα</em></strong></span> <span class='ocrx_word' id='word_1_13' title='bbox 571 291 596 316; x_wconf 90' lang='grc' dir='ltr'><strong><em>τί</em></strong></span> <span class='ocrx_word' id='word_1_14' title='bbox 622 290 688 322; x_wconf 65' lang='grc' dir='ltr'><strong><em>ἕστις</em></strong></span> <span class='ocrx_word' id='word_1_15' title='bbox 732 294 783 316; x_wconf 88' lang='lat' dir='ltr'><strong><em>AA.</em></strong></span> <span class='ocrx_word' id='word_1_16' title='bbox 802 288 880 317; x_wconf 78' lang='grc' dir='ltr'><strong><em>Πάνυ</em></strong></span> <span class='ocrx_word' id='word_1_17' title='bbox 900 301 937 327; x_wconf 81' lang='grc' dir='ltr'><strong><em>γε.</em></strong></span> 
     </span>
     <span class='ocr_line' id='line_1_7' title="bbox 247 329 1038 368; baseline -0.001 -8"><span class='ocrx_word' id='word_1_18' title='bbox 247 335 299 360; x_wconf 68' lang='grc' dir='ltr'><strong><em>Οἴει</em></strong></span> <span class='ocrx_word' id='word_1_19' title='bbox 318 331 349 359; x_wconf 72' lang='grc' dir='ltr'><strong><em>ἂν</em></strong></span> <span class='ocrx_word' id='word_1_20' title='bbox 367 344 421 364; x_wconf 88' lang='grc' dir='ltr'><strong><em>ουν,</em></strong></span> <span class='ocrx_word' id='word_1_21' title='bbox 439 334 516 362; x_wconf 80' lang='grc' dir='ltr'><strong><em>εἴτις</em></strong></span> <span class='ocrx_word' id='word_1_22' title='bbox 534 329 634 368; x_wconf 76' lang='grc' dir='ltr'><strong><em>ἐρωτῳη</em></strong></span> <span class='ocrx_word' id='word_1_23' title='bbox 650 343 686 363; x_wconf 87' lang='grc' dir='ltr'><strong><em>σε,</em></strong></span> <span class='ocrx_word' id='word_1_24' title='bbox 706 330 752 359; x_wconf 78' lang='grc' dir='ltr'><strong><em>δύο</em></strong></span> <span class='ocrx_word' id='word_1_25' title='bbox 768 330 956 367; x_wconf 73' lang='grc' dir='ltr'><strong><em>ὁφθαλμοὺς“</em></strong></span> <span class='ocrx_word' id='word_1_26' title='bbox 942 344 956 365; x_wconf 89' lang='grc' dir='ltr'><strong><em>η</em></strong></span> <span class='ocrx_word' id='word_1_27' title='bbox 972 334 1038 368; x_wconf 82' lang='grc' dir='ltr'><em>τρεῖς</em></span> 
     </span>
     <span class='ocr_line' id='line_1_8' title="bbox 244 371 1035 410; baseline -0.003 -8"><span class='ocrx_word' id='word_1_28' title='bbox 244 375 318 409; x_wconf 73' lang='grc' dir='ltr'><strong><em>ἔχεις,</em></strong></span> <span class='ocrx_word' id='word_1_29' title='bbox 340 386 383 401; x_wconf 86' lang='grc' dir='ltr'><strong><em>και</em></strong></span> <span class='ocrx_word' id='word_1_30' title='bbox 401 372 446 401; x_wconf 80' lang='grc' dir='ltr'><strong><em>δύο</em></strong></span> <span class='ocrx_word' id='word_1_31' title='bbox 463 376 552 410; x_wconf 69' lang='grc' dir='ltr'><strong><em>χεῖρας</em></strong></span> <span class='ocrx_word' id='word_1_32' title='bbox 568 372 583 407; x_wconf 80' lang='grc' dir='ltr'><strong><em>ὴ</em></strong></span> <span class='ocrx_word' id='word_1_33' title='bbox 601 374 735 410; x_wconf 75' lang='grc' dir='ltr'><strong><em>τέτταρας,</em></strong></span> <span class='ocrx_word' id='word_1_34' title='bbox 758 371 773 407; x_wconf 86' lang='grc' dir='ltr'><em>ἢ</em></span> <span class='ocrx_word' id='word_1_35' title='bbox 792 372 853 401; x_wconf 72' lang='grc' dir='ltr'><strong><em>ἄλλο</em></strong></span> <span class='ocrx_word' id='word_1_36' title='bbox 872 385 896 400; x_wconf 89' lang='grc' dir='ltr'><strong><em>τι</em></strong></span> <span class='ocrx_word' id='word_1_37' title='bbox 914 373 964 401; x_wconf 75' lang='grc' dir='ltr'><strong><em>τῶν</em></strong></span> <span class='ocrx_word' id='word_1_38' title='bbox 981 385 1035 401; x_wconf 88' lang='grc' dir='ltr'><strong><em>τοι-</em></strong></span> 
     </span>
     <span class='ocr_line' id='line_1_9' title="bbox 243 413 1037 452; baseline -0.004 -8"><span class='ocrx_word' id='word_1_39' title='bbox 243 415 333 448; x_wconf 79' lang='grc' dir='ltr'><strong><em>ουτων,</em></strong></span> <span class='ocrx_word' id='word_1_40' title='bbox 351 417 410 443; x_wconf 79' lang='grc' dir='ltr'><strong><em>τοτὲ</em></strong></span> <span class='ocrx_word' id='word_1_41' title='bbox 426 417 474 452; x_wconf 86' lang='grc' dir='ltr'><strong><em>μὲν</em></strong></span> <span class='ocrx_word' id='word_1_42' title='bbox 491 413 551 452; x_wconf 72' lang='grc' dir='ltr'><strong><em>ἕτερ’</em></strong></span> <span class='ocrx_word' id='word_1_43' title='bbox 569 413 601 442; x_wconf 65' lang='grc' dir='ltr'><strong><em>ἂν</em></strong></span> <span class='ocrx_word' id='word_1_44' title='bbox 619 413 826 452; x_wconf 70' lang='grc' dir='ltr'><strong><em>ἀποκρίνασθαι,</em></strong></span> <span class='ocrx_word' id='word_1_45' title='bbox 844 417 903 443; x_wconf 82' lang='grc' dir='ltr'><strong><em>τοτὲ</em></strong></span> <span class='ocrx_word' id='word_1_46' title='bbox 922 416 948 442; x_wconf 81' lang='grc' dir='ltr'><strong><em>δὲ</em></strong></span> <span class='ocrx_word' id='word_1_47' title='bbox 965 413 1037 447; x_wconf 66' lang='grc' dir='ltr'><strong><em>ἄλλα,</em></strong></span> 
     </span>
     <span class='ocr_line' id='line_1_10' title="bbox 243 455 1038 505; baseline -0.001 -21"><span class='ocrx_word' id='word_1_48' title='bbox 243 457 257 493; x_wconf 79' lang='grc' dir='ltr'><em>ὴ</em></span> <span class='ocrx_word' id='word_1_49' title='bbox 281 456 319 485; x_wconf 75' lang='grc' dir='ltr'><strong><em>ἆει</em></strong></span> <span class='ocrx_word' id='word_1_50' title='bbox 342 457 373 485; x_wconf 81' lang='grc' dir='ltr'><strong><em>τα</em></strong></span> <span class='ocrx_word' id='word_1_51' title='bbox 398 455 477 490; x_wconf 71' lang='grc' dir='ltr'><strong><em>αὐτοί,-</em></strong></span> <span class='ocrx_word' id='word_1_52' title='bbox 520 461 572 484; x_wconf 90' lang='grc' dir='ltr'>ΑΛ.</span> <span class='ocrx_word' id='word_1_53' title='bbox 597 458 706 505; x_wconf 80' lang='grc' dir='ltr'><strong><em>Δέδρικα</em></strong></span> <span class='ocrx_word' id='word_1_54' title='bbox 727 459 773 493; x_wconf 80' lang='grc' dir='ltr'><strong><em>μὲν</em></strong></span> <span class='ocrx_word' id='word_1_55' title='bbox 791 461 803 474; x_wconf 69' lang='grc'><strong><em>*</em></strong></span> <span class='ocrx_word' id='word_1_56' title='bbox 823 455 894 495; x_wconf 72' lang='grc' dir='ltr'><strong><em>ἔγωγ7</em></strong></span> <span class='ocrx_word' id='word_1_57' title='bbox 915 455 962 492; x_wconf 78' lang='grc' dir='ltr'><strong><em>ἤδη</em></strong></span> <span class='ocrx_word' id='word_1_58' title='bbox 979 457 1038 493; x_wconf 71' lang='grc' dir='ltr'><strong><em>περὶ</em></strong></span> 
     </span>
     <span class='ocr_line' id='line_1_11' title="bbox 244 497 1036 552; baseline -0.001 -26"><span class='ocrx_word' id='word_1_59' title='bbox 244 500 363 536; x_wconf 71' lang='grc' dir='ltr'><strong><em>ἐμαυτοῦ,</em></strong></span> <span class='ocrx_word' id='word_1_60' title='bbox 369 497 455 552; x_wconf 43' lang='grc' dir='ltr'><strong><em>,οἶμαι</em></strong></span> <span class='ocrx_word' id='word_1_61' title='bbox 470 501 557 536; x_wconf 80' lang='grc' dir='ltr'><strong><em>μέντοι</em></strong></span> <span class='ocrx_word' id='word_1_62' title='bbox 574 498 607 526; x_wconf 80' lang='grc' dir='ltr'><strong><em>τὰ</em></strong></span> <span class='ocrx_word' id='word_1_63' title='bbox 627 511 701 526; x_wconf 88' lang='grc' dir='ltr'><strong><em>αυτα.</em></strong></span> <span class='ocrx_word' id='word_1_64' title='bbox 745 504 799 526; x_wconf 87' lang='grc' dir='ltr'><strong><em>ΣΩ.</em></strong></span> <span class='ocrx_word' id='word_1_65' title='bbox 821 497 920 527; x_wconf 78' lang='grc' dir='ltr'><strong><em>Οὖκοῦν</em></strong></span> <span class='ocrx_word' id='word_1_66' title='bbox 939 498 979 526; x_wconf 82' lang='grc' dir='ltr'><strong><em>ὅτι</em></strong></span> <span class='ocrx_word' id='word_1_67' title='bbox 997 497 1036 526; x_wconf 81' lang='grc' dir='ltr'><strong><em>οῖ-</em></strong></span> 
     </span>
     <span class='ocr_line' id='line_1_12' title="bbox 243 536 1038 579; baseline -0.003 -10"><span class='ocrx_word' id='word_1_68' title='bbox 243 545 316 574; x_wconf 65' lang='grc' dir='ltr'><strong><em>σθα,</em></strong></span> <span class='ocrx_word' id='word_1_69' title='bbox 334 539 402 569; x_wconf 82' lang='grc' dir='ltr'><strong><em>τοῦτ</em></strong></span> <span class='ocrx_word' id='word_1_70' title='bbox 420 543 515 571; x_wconf 83' lang='grc' dir='ltr'><strong><em>αι’τιον,·</em></strong></span> <span class='ocrx_word' id='word_1_71' title='bbox 550 545 602 568; x_wconf 90' lang='lat' dir='ltr'><strong><em>AA.</em></strong></span> <span class='ocrx_word' id='word_1_72' title='bbox 624 539 726 578; x_wconf 74' lang='grc' dir='ltr'><strong><em>Οἷμαι’</em></strong></span> <span class='ocrx_word' id='word_1_73' title='bbox 719 553 804 579; x_wconf 68' lang='grc' dir='ltr'><strong><em>εγωγε.</em></strong></span> <span class='ocrx_word' id='word_1_74' title='bbox 849 546 903 568; x_wconf 86' lang='grc' dir='ltr'><strong><em>ΣΩ.</em></strong></span> <span class='ocrx_word' id='word_1_75' title='bbox 921 541 989 578; x_wconf 83' lang='grc' dir='ltr'><strong><em>Περὶ</em></strong></span> <span class='ocrx_word' id='word_1_76' title='bbox 1004 536 1038 568; x_wconf 76' lang='grc' dir='ltr'><strong><em>ὦν</em></strong></span> 
     </span>
     <span class='ocr_line' id='line_1_13' title="bbox 245 581 1039 632; baseline -0.003 -21"><span class='ocrx_word' id='word_1_77' title='bbox 245 582 295 632; x_wconf 67' lang='grc' dir='ltr'><strong><em>ἄρα</em></strong></span> <span class='ocrx_word' id='word_1_78' title='bbox 315 582 383 611; x_wconf 69' lang='grc' dir='ltr'><strong><em>ἄκων</em></strong></span> <span class='ocrx_word' id='word_1_79' title='bbox 400 581 523 611; x_wconf 74' lang='grc' dir='ltr'><strong><em>τάναντία</em></strong></span> <span class='ocrx_word' id='word_1_80' title='bbox 542 581 685 630; x_wconf 72' lang='grc' dir='ltr'><em>ἀποκρίνει,</em></span> <span class='ocrx_word' id='word_1_81' title='bbox 705 583 788 618; x_wconf 80' lang='grc' dir='ltr'><strong><em>δῆλον,</em></strong></span> <span class='ocrx_word' id='word_1_82' title='bbox 808 582 847 611; x_wconf 80' lang='grc' dir='ltr'><strong><em>ὅτι</em></strong></span> <span class='ocrx_word' id='word_1_83' title='bbox 864 583 924 620; x_wconf 80' lang='grc' dir='ltr'><strong><em>περὶ</em></strong></span> <span class='ocrx_word' id='word_1_84' title='bbox 940 582 1039 610; x_wconf 78' lang='grc' dir='ltr'><strong><em>τούτων</em></strong></span> 
     </span>
     <span class='ocr_line' id='line_1_14' title="bbox 244 623 1039 663; baseline -0.004 -9"><span class='ocrx_word' id='word_1_85' title='bbox 244 624 290 654; x_wconf 81' lang='grc' dir='ltr'><strong><em>οὗκ</em></strong></span> <span class='ocrx_word' id='word_1_86' title='bbox 313 623 406 653; x_wconf 74' lang='grc' dir='ltr'><strong><em>οἶσθα.</em></strong></span> <span class='ocrx_word' id='word_1_87' title='bbox 450 629 502 652; x_wconf 93' lang='lat' dir='ltr'><strong><em>AA.</em></strong></span> <span class='ocrx_word' id='word_1_88' title='bbox 529 624 605 656; x_wconf 85' lang='grc' dir='ltr'><strong><em>Εἰκός</em></strong></span> <span class='ocrx_word' id='word_1_89' title='bbox 625 637 661 663; x_wconf 85' lang='grc' dir='ltr'><strong><em>γε.</em></strong></span> <span class='ocrx_word' id='word_1_90' title='bbox 706 630 761 652; x_wconf 90' lang='grc' dir='ltr'>ΣΩ</span> <span class='ocrx_word' id='word_1_91' title='bbox 788 623 888 653; x_wconf 76' lang='grc' dir='ltr'><strong><em>Οὐκοῦν</em></strong></span> <span class='ocrx_word' id='word_1_92' title='bbox 911 625 954 652; x_wconf 85' lang='grc' dir='ltr'><strong><em>καὶ</em></strong></span> <span class='ocrx_word' id='word_1_93' title='bbox 980 624 1039 661; x_wconf 82' lang='grc' dir='ltr'><strong><em>περὶ</em></strong></span> 
     </span>
     <span class='ocr_line' id='line_1_15' title="bbox 244 665 1039 719; baseline -0.003 -24"><span class='ocrx_word' id='word_1_94' title='bbox 244 667 294 695; x_wconf 81' lang='grc' dir='ltr'><strong><em>τῶν</em></strong></span> <span class='ocrx_word' id='word_1_95' title='bbox 312 668 413 695; x_wconf 83' lang='grc' dir='ltr'><strong><em>δικαίων</em></strong></span> <span class='ocrx_word' id='word_1_96' title='bbox 430 679 474 695; x_wconf 77' lang='grc' dir='ltr'><strong><em>και</em></strong></span> <span class='ocrx_word' id='word_1_97' title='bbox 493 665 596 699; x_wconf 69' lang='grc' dir='ltr'><strong><em>ἀδίκων,</em></strong></span> <span class='ocrx_word' id='word_1_98' title='bbox 619 667 662 694; x_wconf 74' lang='grc' dir='ltr'><strong><em>καὶ</em></strong></span> <span class='ocrx_word' id='word_1_99' title='bbox 679 667 763 694; x_wconf 84' lang='grc' dir='ltr'><strong><em>καλῶν</em></strong></span> <span class='ocrx_word' id='word_1_100' title='bbox 781 668 824 695; x_wconf 81' lang='grc' dir='ltr'><strong><em>καὶ</em></strong></span> <span class='ocrx_word' id='word_1_101' title='bbox 840 666 972 719; x_wconf 75' lang='grc' dir='ltr'><strong><em>αἰσχρῶν,</em></strong></span> <span class='ocrx_word' id='word_1_102' title='bbox 995 679 1039 694; x_wconf 87' lang='grc' dir='ltr'><strong><em>και</em></strong></span> 
     </span>
    </p>
   </div>
   <div class='ocr_carea' id='block_1_6' title="bbox 245 246 617 298">
    <p class='ocr_par' dir='ltr' id='par_1_6' title="bbox 245 246 617 298">
     <span class='ocr_line' id='line_1_16' title="bbox 245 246 617 298; baseline -0.005 -22"><span class='ocrx_word' id='word_1_103' title='bbox 245 249 400 298; x_wconf 72' lang='grc' dir='ltr'><strong><em>ἐρωτῶντος,</em></strong></span> <span class='ocrx_word' id='word_1_104' title='bbox 424 251 482 276; x_wconf 84' lang='grc' dir='ltr'><strong><em>τοτὲ</em></strong></span> <span class='ocrx_word' id='word_1_105' title='bbox 501 249 527 275; x_wconf 84' lang='grc' dir='ltr'><strong><em>δε</em></strong></span> <span class='ocrx_word' id='word_1_106' title='bbox 546 246 617 274; x_wconf 74' lang='grc' dir='ltr'><strong><em>ὂῖλλα.</em></strong></span> 
     </span>
    </p>
   </div>
   <div class='ocr_carea' id='block_1_7' title="bbox 242 707 1039 1002">
    <p class='ocr_par' dir='ltr' id='par_1_7' title="bbox 242 707 1039 1002">
     <span class='ocr_line' id='line_1_17' title="bbox 243 707 1036 747; baseline -0.001 -10"><span class='ocrx_word' id='word_1_107' title='bbox 243 709 328 738; x_wconf 76' lang='grc' dir='ltr'><strong><em>κακῶν</em></strong></span> <span class='ocrx_word' id='word_1_108' title='bbox 345 721 388 737; x_wconf 86' lang='grc' dir='ltr'><strong><em>και</em></strong></span> <span class='ocrx_word' id='word_1_109' title='bbox 406 707 526 747; x_wconf 76' lang='grc' dir='ltr'><strong><em>ἀγαθῶν,</em></strong></span> <span class='ocrx_word' id='word_1_110' title='bbox 545 710 588 736; x_wconf 80' lang='grc' dir='ltr'><strong><em>καὶ</em></strong></span> <span class='ocrx_word' id='word_1_111' title='bbox 606 708 789 746; x_wconf 73' lang='grc' dir='ltr'><strong><em>συμφερόντων</em></strong></span> <span class='ocrx_word' id='word_1_112' title='bbox 805 710 849 737; x_wconf 83' lang='grc' dir='ltr'><strong><em>καὶ</em></strong></span> <span class='ocrx_word' id='word_1_113' title='bbox 865 722 907 746; x_wconf 86' lang='grc' dir='ltr'><strong><em>μη,</em></strong></span> <span class='ocrx_word' id='word_1_114' title='bbox 928 707 1036 745; x_wconf 79' lang='grc' dir='ltr'><strong><em>ἀποκρι-</em></strong></span> 
     </span>
     <span class='ocr_line' id='line_1_18' title="bbox 243 749 1039 789; baseline -0.003 -9"><span class='ocrx_word' id='word_1_115' title='bbox 243 751 351 789; x_wconf 77' lang='grc' dir='ltr'><strong><em>νόμενος</em></strong></span> <span class='ocrx_word' id='word_1_116' title='bbox 366 751 417 788; x_wconf 82' lang='grc' dir='ltr'><strong><em>φῂς</em></strong></span> <span class='ocrx_word' id='word_1_117' title='bbox 434 751 604 781; x_wconf 77' lang='grc' dir='ltr'><strong><em>πλανᾶσθαι</em></strong></span> <span class='ocrx_word' id='word_1_118' title='bbox 622 755 677 779; x_wconf 76' lang='grc' dir='ltr'><strong><em>εἶτα</em></strong></span> <span class='ocrx_word' id='word_1_119' title='bbox 696 749 726 779; x_wconf 80' lang='grc' dir='ltr'><strong><em>οὐ</em></strong></span> <span class='ocrx_word' id='word_1_120' title='bbox 746 751 828 786; x_wconf 84' lang='grc' dir='ltr'><strong><em>δῆλον,</em></strong></span> <span class='ocrx_word' id='word_1_121' title='bbox 848 750 887 779; x_wconf 84' lang='grc' dir='ltr'><strong><em>ὁτι</em></strong></span> <span class='ocrx_word' id='word_1_122' title='bbox 903 750 944 778; x_wconf 78' lang='grc' dir='ltr'><strong><em>διὰ</em></strong></span> <span class='ocrx_word' id='word_1_123' title='bbox 960 750 989 778; x_wconf 85' lang='grc' dir='ltr'><strong><em>τὸ</em></strong></span> <span class='ocrx_word' id='word_1_124' title='bbox 1004 749 1039 787; x_wconf 84' lang='grc' dir='ltr'><strong><em>μὴ</em></strong></span> 
     </span>
     <span class='ocr_line' id='line_1_19' title="bbox 243 791 1038 844; baseline -0.001 -23"><span class='ocrx_word' id='word_1_125' title='bbox 243 794 336 822; x_wconf 76' lang='grc' dir='ltr'><strong><em>εἰδέναι</em></strong></span> <span class='ocrx_word' id='word_1_126' title='bbox 352 795 413 834; x_wconf 73' lang='grc' dir='ltr'><strong><em>περὶ</em></strong></span> <span class='ocrx_word' id='word_1_127' title='bbox 430 791 521 825; x_wconf 79' lang='grc' dir='ltr'><strong><em>αυτῶν,</em></strong></span> <span class='ocrx_word' id='word_1_128' title='bbox 541 793 582 820; x_wconf 85' lang='grc' dir='ltr'><strong><em>δια</em></strong></span> <span class='ocrx_word' id='word_1_129' title='bbox 601 793 683 821; x_wconf 74' lang='grc' dir='ltr'><strong><em>ταῦτα</em></strong></span> <span class='ocrx_word' id='word_1_130' title='bbox 699 793 799 844; x_wconf 68' lang='grc' dir='ltr'><strong><em>πλανᾷῑ</em></strong></span> <span class='ocrx_word' id='word_1_131' title='bbox 828 799 831 813; x_wconf 90' lang='lat'><strong>¹</strong></span> <span class='ocrx_word' id='word_1_132' title='bbox 860 797 912 820; x_wconf 89' lang='lat' dir='ltr'><strong><em>AA.</em></strong></span> <span class='ocrx_word' id='word_1_133' title='bbox 927 791 1038 830; x_wconf 68' lang='grc' dir='ltr'><strong><em>Εμοικγε.</em></strong></span> 
     </span>
     <span class='ocr_line' id='line_1_20' title="bbox 243 833 1038 872; baseline -0.003 -9"><span class='ocrx_word' id='word_1_134' title='bbox 243 842 310 863; x_wconf 83' lang='lat' dir='ltr'>xm.</span> <span class='ocrx_word' id='word_1_135' title='bbox 329 841 384 863; x_wconf 91' lang='grc' dir='ltr'><strong><em>ΣΩ.</em></strong></span> <span class='ocrx_word' id='word_1_136' title='bbox 406 833 454 872; x_wconf 77' lang='grc' dir='ltr'><strong><em>Ἀρ</em></strong></span> <span class='ocrx_word' id='word_1_137' title='bbox 476 836 521 863; x_wconf 78' lang='grc' dir='ltr'><strong><em>οὖν</em></strong></span> <span class='ocrx_word' id='word_1_138' title='bbox 543 847 610 863; x_wconf 83' lang='grc' dir='ltr'><strong><em>ουτω</em></strong></span> <span class='ocrx_word' id='word_1_139' title='bbox 631 835 675 862; x_wconf 75' lang='grc' dir='ltr'><strong><em>καὶ</em></strong></span> <span class='ocrx_word' id='word_1_140' title='bbox 697 836 758 870; x_wconf 69' lang='grc' dir='ltr'><strong><em>ἔχεις</em></strong></span> <span class='ocrx_word' id='word_1_141' title='bbox 782 834 884 862; x_wconf 84' lang='grc' dir='ltr'><strong><em>ἐπειδαν</em></strong></span> <span class='ocrx_word' id='word_1_142' title='bbox 908 836 943 865; x_wconf 86' lang='grc' dir='ltr'><strong><em>τίς</em></strong></span> <span class='ocrx_word' id='word_1_143' title='bbox 963 846 987 862; x_wconf 88' lang='grc' dir='ltr'><strong><em>τι</em></strong></span> <span class='ocrx_word' id='word_1_144' title='bbox 1003 833 1038 871; x_wconf 85' lang='grc' dir='ltr'><strong><em>μὴ</em></strong></span> 
     </span>
     <span class='ocr_line' id='line_1_21' title="bbox 242 875 1037 916; baseline -0.004 -10"><span class='ocrx_word' id='word_1_145' title='bbox 242 877 310 915; x_wconf 81' lang='grc' dir='ltr'><strong><em>εἳδῇ,</em></strong></span> <span class='ocrx_word' id='word_1_146' title='bbox 336 876 478 916; x_wconf 76' lang='grc' dir='ltr'><strong><em>ἆναγκαιον</em></strong></span> <span class='ocrx_word' id='word_1_147' title='bbox 498 878 558 914; x_wconf 77' lang='grc' dir='ltr'><strong><em>περὶ</em></strong></span> <span class='ocrx_word' id='word_1_148' title='bbox 578 889 673 905; x_wconf 88' lang='grc' dir='ltr'><strong><em>τουτου</em></strong></span> <span class='ocrx_word' id='word_1_149' title='bbox 694 876 853 905; x_wconf 76' lang='grc' dir='ltr'><strong><em>πλανᾶσθαι</em></strong></span> <span class='ocrx_word' id='word_1_150' title='bbox 874 876 919 911; x_wconf 82' lang='grc' dir='ltr'><strong><em>τὴ7</em></strong></span> <span class='ocrx_word' id='word_1_151' title='bbox 940 875 1037 913; x_wconf 82' lang='grc' dir='ltr'><strong>ψυχή7;</strong></span> 
     </span>
     <span class='ocr_line' id='line_1_22' title="bbox 242 917 1035 957; baseline -0.003 -9"><span class='ocrx_word' id='word_1_152' title='bbox 242 925 296 948; x_wconf 90' lang='grc' dir='ltr'><strong><em>ΑΛ.</em></strong></span> <span class='ocrx_word' id='word_1_153' title='bbox 313 919 378 951; x_wconf 83' lang='grc' dir='ltr'><strong><em>Πῶς</em></strong></span> <span class='ocrx_word' id='word_1_154' title='bbox 394 919 444 957; x_wconf 79' lang='grc' dir='ltr'><strong><em>γὰρ</em></strong></span> <span class='ocrx_word' id='word_1_155' title='bbox 463 918 507 952; x_wconf 71' lang='grc' dir='ltr'><strong><em>οὕς</em></strong></span> <span class='ocrx_word' id='word_1_156' title='bbox 551 924 606 947; x_wconf 90' lang='grc' dir='ltr'>ΣΩ.</span> <span class='ocrx_word' id='word_1_157' title='bbox 627 920 658 947; x_wconf 90' lang='grc' dir='ltr'><strong><em>Τί</em></strong></span> <span class='ocrx_word' id='word_1_158' title='bbox 675 919 732 951; x_wconf 78' lang='grc' dir='ltr'><strong><em>οὖν;</em></strong></span> <span class='ocrx_word' id='word_1_159' title='bbox 756 917 850 951; x_wconf 75' lang='grc' dir='ltr'><strong><em>οἶσθα,</em></strong></span> <span class='ocrx_word' id='word_1_160' title='bbox 870 917 957 946; x_wconf 81' lang='grc' dir='ltr'><strong><em>όντινα</em></strong></span> <span class='ocrx_word' id='word_1_161' title='bbox 975 930 1035 955; x_wconf 90' lang='grc' dir='ltr'><strong><em>τρο-</em></strong></span> 
     </span>
     <span class='ocr_line' id='line_1_23' title="bbox 242 958 1038 1002; baseline -0.004 -11"><span class='ocrx_word' id='word_1_162' title='bbox 242 974 294 991; x_wconf 89' lang='grc' dir='ltr'><strong><em>πον</em></strong></span> <span class='ocrx_word' id='word_1_163' title='bbox 321 960 455 1002; x_wconf 46' lang='grc' dir='ltr'><strong><em>αναβήσει.</em></strong></span> <span class='ocrx_word' id='word_1_164' title='bbox 470 961 506 992; x_wconf 82' lang='grc' dir='ltr'><strong><em>εἷς</em></strong></span> <span class='ocrx_word' id='word_1_165' title='bbox 531 961 578 990; x_wconf 86' lang='grc' dir='ltr'><strong><em>τὸν</em></strong></span> <span class='ocrx_word' id='word_1_166' title='bbox 604 959 728 998; x_wconf 74' lang='grc' dir='ltr'><strong><em>οὐρανόνς</em></strong></span> <span class='ocrx_word' id='word_1_167' title='bbox 772 965 825 989; x_wconf 92' lang='lat' dir='ltr'><strong><em>AA.</em></strong></span> <span class='ocrx_word' id='word_1_168' title='bbox 850 960 900 988; x_wconf 83' lang='grc' dir='ltr'><strong><em>Μὰ</em></strong></span> <span class='ocrx_word' id='word_1_169' title='bbox 927 958 969 988; x_wconf 69' lang='grc' dir='ltr'><strong><em>Δί’</em></strong></span> <span class='ocrx_word' id='word_1_170' title='bbox 992 958 1038 988; x_wconf 74' lang='grc' dir='ltr'><strong><em>οὐκ</em></strong></span> 
     </span>
    </p>
   </div>
   <div class='ocr_carea' id='block_1_8' title="bbox 243 1002 1038 1136">
    <p class='ocr_par' dir='ltr' id='par_1_8' title="bbox 243 1002 1038 1126">
     <span class='ocr_line' id='line_1_24' title="bbox 244 1002 1036 1043; baseline -0.003 -11"><span class='ocrx_word' id='word_1_171' title='bbox 244 1006 330 1043; x_wconf 79' lang='grc' dir='ltr'><strong><em>ἔγωγε.</em></strong></span> <span class='ocrx_word' id='word_1_172' title='bbox 373 1009 429 1032; x_wconf 90' lang='grc' dir='ltr'>ΣΩ.</span> <span class='ocrx_word' id='word_1_173' title='bbox 447 1004 479 1030; x_wconf 83' lang='lat' dir='ltr'><strong><em>&#39;H</em></strong></span> <span class='ocrx_word' id='word_1_174' title='bbox 499 1016 542 1031; x_wconf 92' lang='grc' dir='ltr'><strong><em>και</em></strong></span> <span class='ocrx_word' id='word_1_175' title='bbox 562 1003 694 1031; x_wconf 75' lang='grc' dir='ltr'><strong><em>πλανᾶταί</em></strong></span> <span class='ocrx_word' id='word_1_176' title='bbox 714 1015 764 1031; x_wconf 87' lang='grc' dir='ltr'><strong><em>σου</em></strong></span> <span class='ocrx_word' id='word_1_177' title='bbox 781 1002 796 1038; x_wconf 82' lang='grc' dir='ltr'>ἦ</span> <span class='ocrx_word' id='word_1_178' title='bbox 815 1002 878 1034; x_wconf 82' lang='grc' dir='ltr'><strong><em>δοξα</em></strong></span> <span class='ocrx_word' id='word_1_179' title='bbox 897 1003 956 1040; x_wconf 78' lang='grc' dir='ltr'><strong><em>περὶ</em></strong></span> <span class='ocrx_word' id='word_1_180' title='bbox 972 1002 1036 1030; x_wconf 81' lang='grc' dir='ltr'><strong><em>ταῦ-</em></strong></span> 
     </span>
     <span class='ocr_line' id='line_1_25' title="bbox 243 1043 1038 1083; baseline -0.004 -8"><span class='ocrx_word' id='word_1_181' title='bbox 243 1059 288 1080; x_wconf 81' lang='grc' dir='ltr'><strong><em>τα;</em></strong></span> <span class='ocrx_word' id='word_1_182' title='bbox 323 1050 375 1074; x_wconf 90' lang='lat' dir='ltr'><strong><em>AA.</em></strong></span> <span class='ocrx_word' id='word_1_183' title='bbox 398 1043 434 1074; x_wconf 71' lang='grc' dir='ltr'><strong><em>Οὐ</em></strong></span> <span class='ocrx_word' id='word_1_184' title='bbox 453 1045 523 1080; x_wconf 85' lang='grc' dir='ltr'><strong><em>δῆτα.</em></strong></span> <span class='ocrx_word' id='word_1_185' title='bbox 567 1050 623 1073; x_wconf 90' lang='grc' dir='ltr'><strong><em>ΣΩ.</em></strong></span> <span class='ocrx_word' id='word_1_186' title='bbox 643 1045 679 1073; x_wconf 89' lang='grc' dir='ltr'><strong><em>Τὸ</em></strong></span> <span class='ocrx_word' id='word_1_187' title='bbox 699 1043 723 1072; x_wconf 88' lang='grc' dir='ltr'><strong><em>δ</em></strong></span> <span class='ocrx_word' id='word_1_188' title='bbox 741 1048 824 1073; x_wconf 83' lang='grc' dir='ltr'><strong><em>αἴτιον</em></strong></span> <span class='ocrx_word' id='word_1_189' title='bbox 842 1043 937 1077; x_wconf 76' lang='grc' dir='ltr'><strong><em>οἶσθα,</em></strong></span> <span class='ocrx_word' id='word_1_190' title='bbox 956 1043 971 1080; x_wconf 83' lang='grc' dir='ltr'><em>ἢ</em></span> <span class='ocrx_word' id='word_1_191' title='bbox 989 1044 1038 1083; x_wconf 77' lang='grc' dir='ltr'><strong><em>ἐγώ</em></strong></span> 
     </span>
     <span class='ocr_line' id='line_1_26' title="bbox 243 1085 1038 1136; baseline -0.001 -20"><span class='ocrx_word' id='word_1_192' title='bbox 243 1087 350 1126; x_wconf 75' lang='grc' dir='ltr'><strong><em>φράσως</em></strong></span> <span class='ocrx_word' id='word_1_193' title='bbox 394 1092 448 1115; x_wconf 83' lang='lat' dir='ltr'><strong><em>AA.</em></strong></span> <span class='ocrx_word' id='word_1_194' title='bbox 470 1086 585 1136; x_wconf 63' lang='grc' dir='ltr'><strong><em>Φράσον.</em></strong></span> <span class='ocrx_word' id='word_1_195' title='bbox 629 1093 685 1115; x_wconf 92' lang='grc' dir='ltr'><strong><em>ΣΩ.</em></strong></span> <span class='ocrx_word' id='word_1_196' title='bbox 699 1086 765 1120; x_wconf 59' lang='grc' dir='ltr'><strong><em>(Ότι,</em></strong></span> <span class='ocrx_word' id='word_1_197' title='bbox 788 1088 808 1115; x_wconf 80' lang='grc' dir='ltr'><em>ὦ</em></span> <span class='ocrx_word' id='word_1_198' title='bbox 829 1089 897 1123; x_wconf 85' lang='grc' dir='ltr'><strong><em>φίλε,</em></strong></span> <span class='ocrx_word' id='word_1_199' title='bbox 922 1085 968 1115; x_wconf 75' lang='grc' dir='ltr'><strong><em>οὐκ</em></strong></span> <span class='ocrx_word' id='word_1_200' title='bbox 991 1090 1038 1115; x_wconf 73' lang='grc' dir='ltr'><strong><em>οἴει</em></strong></span> 
     </span>
    </p>
   </div>
   <div class='ocr_carea' id='block_1_9' title="bbox 242 1128 1044 2731">
    <p class='ocr_par' dir='ltr' id='par_1_9' title="bbox 242 1128 1043 2731">
     <span class='ocr_line' id='line_1_27' title="bbox 244 1128 1038 1182; baseline -0.004 -23"><span class='ocrx_word' id='word_1_201' title='bbox 244 1129 307 1159; x_wconf 74' lang='grc' dir='ltr'><strong><em>αὐτὸ</em></strong></span> <span class='ocrx_word' id='word_1_202' title='bbox 332 1132 495 1158; x_wconf 85' lang='grc' dir='ltr'><strong><em>ἐπίστασθαι</em></strong></span> <span class='ocrx_word' id='word_1_203' title='bbox 518 1142 564 1158; x_wconf 86' lang='grc' dir='ltr'><strong><em>ουκ</em></strong></span> <span class='ocrx_word' id='word_1_204' title='bbox 591 1129 767 1182; x_wconf 69' lang='grc' dir='ltr'><strong><em>ἐπιοταμειιος.</em></strong></span> <span class='ocrx_word' id='word_1_205' title='bbox 810 1134 864 1157; x_wconf 91' lang='grc' dir='ltr'>ΑΛ.</span> <span class='ocrx_word' id='word_1_206' title='bbox 888 1135 891 1150; x_wconf 89' lang='lat'>¹</span> <span class='ocrx_word' id='word_1_207' title='bbox 914 1128 979 1160; x_wconf 80' lang='grc' dir='ltr'><strong><em>Πῶς</em></strong></span> <span class='ocrx_word' id='word_1_208' title='bbox 1005 1129 1038 1156; x_wconf 81' lang='grc' dir='ltr'><strong><em>αὖ</em></strong></span> 
     </span>
     <span class='ocr_line' id='line_1_28' title="bbox 243 1170 1036 1210; baseline -0.003 -9"><span class='ocrx_word' id='word_1_209' title='bbox 243 1172 320 1202; x_wconf 70' lang='grc' dir='ltr'><strong><em>τοῦτο</em></strong></span> <span class='ocrx_word' id='word_1_210' title='bbox 339 1174 429 1210; x_wconf 83' lang='grc' dir='ltr'><strong><em>λέγεις;</em></strong></span> <span class='ocrx_word' id='word_1_211' title='bbox 473 1177 528 1199; x_wconf 88' lang='grc' dir='ltr'><strong><em>ΣΩ.</em></strong></span> <span class='ocrx_word' id='word_1_212' title='bbox 543 1171 606 1209; x_wconf 85' lang='grc' dir='ltr'><strong><em>Ορα</em></strong></span> <span class='ocrx_word' id='word_1_213' title='bbox 625 1184 667 1199; x_wconf 91' lang='grc' dir='ltr'><strong><em>και</em></strong></span> <span class='ocrx_word' id='word_1_214' title='bbox 685 1171 718 1200; x_wconf 68' lang='grc' dir='ltr'><strong><em>σὺ</em></strong></span> <span class='ocrx_word' id='word_1_215' title='bbox 735 1171 815 1209; x_wconf 84' lang='grc' dir='ltr'><strong><em>κοινῆ.</em></strong></span> <span class='ocrx_word' id='word_1_216' title='bbox 843 1170 860 1199; x_wconf 80' lang='grc' dir='ltr'><strong><em>ἁ</em></strong></span> <span class='ocrx_word' id='word_1_217' title='bbox 876 1171 911 1208; x_wconf 84' lang='grc' dir='ltr'><strong><em>μὴ</em></strong></span> <span class='ocrx_word' id='word_1_218' title='bbox 930 1173 1036 1199; x_wconf 59' lang='grc' dir='ltr'><strong><em>ἐπίστω</em></strong></span> 
     </span>
     <span class='ocr_line' id='line_1_29' title="bbox 244 1212 1038 1264; baseline -0.003 -21"><span class='ocrx_word' id='word_1_219' title='bbox 244 1227 301 1248; x_wconf 88' lang='grc' dir='ltr'><strong><em>σαι,</em></strong></span> <span class='ocrx_word' id='word_1_220' title='bbox 306 1225 466 1264; x_wconf 43' lang='lat' dir='ltr'><strong><em>„ytyawffufflss</em></strong></span> <span class='ocrx_word' id='word_1_221' title='bbox 485 1214 539 1242; x_wconf 86' lang='grc' dir='ltr'><strong><em>δὲ</em></strong></span> <span class='ocrx_word' id='word_1_222' title='bbox 530 1214 570 1242; x_wconf 84' lang='grc' dir='ltr'><strong><em>ότι</em></strong></span> <span class='ocrx_word' id='word_1_223' title='bbox 588 1212 634 1242; x_wconf 77' lang='grc' dir='ltr'><strong><em>οὐκ</em></strong></span> <span class='ocrx_word' id='word_1_224' title='bbox 652 1215 804 1246; x_wconf 81' lang='grc' dir='ltr'><strong><em>ἐπίστασαι,</em></strong></span> <span class='ocrx_word' id='word_1_225' title='bbox 827 1214 912 1250; x_wconf 77' lang='grc' dir='ltr'><strong><em>πλανᾷ</em></strong></span> <span class='ocrx_word' id='word_1_226' title='bbox 929 1214 988 1251; x_wconf 75' lang='grc' dir='ltr'><strong><em>περὶ</em></strong></span> <span class='ocrx_word' id='word_1_227' title='bbox 1006 1213 1038 1241; x_wconf 81' lang='grc' dir='ltr'><strong><em>τὰ</em></strong></span> 
     </span>
     <span class='ocr_line' id='line_1_30' title="bbox 242 1254 1037 1294; baseline -0.004 -8"><span class='ocrx_word' id='word_1_228' title='bbox 242 1256 364 1291; x_wconf 75' lang='grc' dir='ltr'><strong><em>τοιαῦτας</em></strong></span> <span class='ocrx_word' id='word_1_229' title='bbox 391 1256 473 1294; x_wconf 78' lang='grc' dir='ltr'><strong><em>ὥςπερ</em></strong></span> <span class='ocrx_word' id='word_1_230' title='bbox 500 1257 559 1294; x_wconf 79' lang='grc' dir='ltr'><strong><em>περὶ</em></strong></span> <span class='ocrx_word' id='word_1_231' title='bbox 581 1255 651 1293; x_wconf 81' lang='grc' dir='ltr'><strong><em>όψου</em></strong></span> <span class='ocrx_word' id='word_1_232' title='bbox 673 1258 813 1288; x_wconf 79' lang='grc' dir='ltr'><strong><em>σκευασίας</em></strong></span> <span class='ocrx_word' id='word_1_233' title='bbox 835 1254 922 1284; x_wconf 77' lang='grc' dir='ltr'><strong><em>οἶσθα</em></strong></span> <span class='ocrx_word' id='word_1_234' title='bbox 946 1255 1037 1290; x_wconf 82' lang='grc' dir='ltr'><strong><em>δήπου,</em></strong></span> 
     </span>
     <span class='ocr_line' id='line_1_31' title="bbox 243 1297 1038 1347; baseline -0.004 -19"><span class='ocrx_word' id='word_1_235' title='bbox 243 1299 283 1328; x_wconf 80' lang='grc' dir='ltr'><strong><em>ὅτι</em></strong></span> <span class='ocrx_word' id='word_1_236' title='bbox 305 1311 351 1328; x_wconf 88' lang='grc' dir='ltr'><strong><em>ουκ</em></strong></span> <span class='ocrx_word' id='word_1_237' title='bbox 374 1297 473 1332; x_wconf 73' lang='grc' dir='ltr'><strong><em>οἶσθας</em></strong></span> <span class='ocrx_word' id='word_1_238' title='bbox 517 1303 568 1326; x_wconf 88' lang='grc' dir='ltr'><strong><em>ΑΛ</em></strong></span> <span class='ocrx_word' id='word_1_239' title='bbox 592 1297 670 1326; x_wconf 78' lang='grc' dir='ltr'><strong><em>Πάνυ</em></strong></span> <span class='ocrx_word' id='word_1_240' title='bbox 690 1310 727 1336; x_wconf 86' lang='grc' dir='ltr'><strong><em>γε,</em></strong></span> <span class='ocrx_word' id='word_1_241' title='bbox 771 1303 826 1326; x_wconf 91' lang='grc' dir='ltr'><strong><em>ΣΩ.</em></strong></span> <span class='ocrx_word' id='word_1_242' title='bbox 849 1297 970 1347; x_wconf 78' lang='grc' dir='ltr'><strong><em>Πότερον</em></strong></span> <span class='ocrx_word' id='word_1_243' title='bbox 993 1298 1038 1326; x_wconf 79' lang='grc' dir='ltr'><strong><em>οὖν</em></strong></span> 
     </span>
     <span class='ocr_line' id='line_1_32' title="bbox 244 1339 1038 1378; baseline -0.004 -8"><span class='ocrx_word' id='word_1_244' title='bbox 244 1340 322 1373; x_wconf 72' lang='grc' dir='ltr'><strong><em>αὐτὸς</em></strong></span> <span class='ocrx_word' id='word_1_245' title='bbox 343 1342 402 1378; x_wconf 77' lang='grc' dir='ltr'><strong><em>περὶ</em></strong></span> <span class='ocrx_word' id='word_1_246' title='bbox 423 1340 506 1369; x_wconf 76' lang='grc' dir='ltr'><strong><em>ταῦτα</em></strong></span> <span class='ocrx_word' id='word_1_247' title='bbox 529 1339 653 1373; x_wconf 77' lang='grc' dir='ltr'><strong><em>δοξαζεις,</em></strong></span> <span class='ocrx_word' id='word_1_248' title='bbox 677 1340 748 1372; x_wconf 84' lang='grc' dir='ltr'><strong><em>ὅπως</em></strong></span> <span class='ocrx_word' id='word_1_249' title='bbox 763 1340 812 1378; x_wconf 83' lang='grc' dir='ltr'><strong><em>χρὴ</em></strong></span> <span class='ocrx_word' id='word_1_250' title='bbox 831 1339 971 1373; x_wconf 66' lang='grc' dir='ltr'><strong><em>σκευάζειν,</em></strong></span> <span class='ocrx_word' id='word_1_251' title='bbox 994 1341 1038 1368; x_wconf 79' lang='grc' dir='ltr'><strong><em>καὶ</em></strong></span> 
     </span>
     <span class='ocr_line' id='line_1_33' title="bbox 243 1381 1038 1424; baseline -0.001 -13"><span class='ocrx_word' id='word_1_252' title='bbox 243 1383 336 1419; x_wconf 78' lang='grc' dir='ltr'><strong><em>πλανᾷ,</em></strong></span> <span class='ocrx_word' id='word_1_253' title='bbox 354 1382 369 1419; x_wconf 81' lang='grc' dir='ltr'><em>ἢ</em></span> <span class='ocrx_word' id='word_1_254' title='bbox 388 1383 422 1420; x_wconf 75' lang='grc' dir='ltr'><strong><em>τῷ</em></strong></span> <span class='ocrx_word' id='word_1_255' title='bbox 441 1385 611 1424; x_wconf 77' lang='grc' dir='ltr'><strong><em>ἐπισταμένω</em></strong></span> <span class='ocrx_word' id='word_1_256' title='bbox 619 1385 771 1420; x_wconf 78' lang='grc' dir='ltr'><strong><em>ἐπιτρέπειςς</em></strong></span> <span class='ocrx_word' id='word_1_257' title='bbox 794 1387 846 1410; x_wconf 83' lang='lat' dir='ltr'><strong><em>AA.</em></strong></span> <span class='ocrx_word' id='word_1_258' title='bbox 866 1381 958 1414; x_wconf 88' lang='grc' dir='ltr'><strong><em>Ουτως.</em></strong></span> <span class='ocrx_word' id='word_1_259' title='bbox 982 1387 1038 1410; x_wconf 89' lang='grc' dir='ltr'>ΣΩ</span> 
     </span>
     <span class='ocr_line' id='line_1_34' title="bbox 246 1423 1039 1462; baseline -0.003 -8"><span class='ocrx_word' id='word_1_260' title='bbox 246 1428 276 1454; x_wconf 86' lang='grc' dir='ltr'><strong><em>Ίί</em></strong></span> <span class='ocrx_word' id='word_1_261' title='bbox 293 1424 316 1453; x_wconf 71' lang='grc' dir='ltr'><strong><em>δ’</em></strong></span> <span class='ocrx_word' id='word_1_262' title='bbox 333 1426 356 1454; x_wconf 84' lang='grc' dir='ltr'><strong><em>εἶ</em></strong></span> <span class='ocrx_word' id='word_1_263' title='bbox 374 1429 400 1453; x_wconf 77' lang='grc' dir='ltr'><strong><em>ὲν</em></strong></span> <span class='ocrx_word' id='word_1_264' title='bbox 417 1428 461 1461; x_wconf 74' lang='grc' dir='ltr'><strong><em>νηῒ·</em></strong></span> <span class='ocrx_word' id='word_1_265' title='bbox 473 1428 570 1458; x_wconf 76' lang='grc' dir='ltr'><strong><em>πλέοις,</em></strong></span> <span class='ocrx_word' id='word_1_266' title='bbox 595 1437 645 1462; x_wconf 90' lang='grc' dir='ltr'><strong><em>αρα</em></strong></span> <span class='ocrx_word' id='word_1_267' title='bbox 665 1424 781 1457; x_wconf 71' lang='grc' dir='ltr'><strong><em>δοξάζοις</em></strong></span> <span class='ocrx_word' id='word_1_268' title='bbox 800 1424 842 1457; x_wconf 75' lang='grc' dir='ltr'><strong><em>ἄν,</em></strong></span> <span class='ocrx_word' id='word_1_269' title='bbox 860 1423 974 1462; x_wconf 83' lang='grc' dir='ltr'><strong><em>πότερον</em></strong></span> <span class='ocrx_word' id='word_1_270' title='bbox 988 1423 1039 1462; x_wconf 87' lang='grc' dir='ltr'><strong><em>χρὴ</em></strong></span> 
     </span>
     <span class='ocr_line' id='line_1_35' title="bbox 244 1466 1037 1506; baseline -0.004 -9"><span class='ocrx_word' id='word_1_271' title='bbox 244 1469 289 1497; x_wconf 81' lang='grc' dir='ltr'><strong><em>τὸν</em></strong></span> <span class='ocrx_word' id='word_1_272' title='bbox 307 1471 384 1497; x_wconf 81' lang='grc' dir='ltr'><strong><em>οἴακα</em></strong></span> <span class='ocrx_word' id='word_1_273' title='bbox 403 1471 463 1496; x_wconf 74' lang='grc' dir='ltr'><strong><em>εἴσω</em></strong></span> <span class='ocrx_word' id='word_1_274' title='bbox 483 1479 554 1506; x_wconf 84' lang='grc' dir='ltr'><strong><em>αγειν</em></strong></span> <span class='ocrx_word' id='word_1_275' title='bbox 570 1466 585 1502; x_wconf 84' lang='grc' dir='ltr'><em>ἢ</em></span> <span class='ocrx_word' id='word_1_276' title='bbox 604 1468 659 1499; x_wconf 76' lang='grc' dir='ltr'><strong><em>ἔξω,</em></strong></span> <span class='ocrx_word' id='word_1_277' title='bbox 677 1468 721 1495; x_wconf 76' lang='grc' dir='ltr'><strong><em>καὶ</em></strong></span> <span class='ocrx_word' id='word_1_278' title='bbox 740 1466 784 1495; x_wconf 88' lang='grc' dir='ltr'><strong><em>α’τε</em></strong></span> <span class='ocrx_word' id='word_1_279' title='bbox 800 1466 846 1496; x_wconf 77' lang='grc' dir='ltr'><strong><em>οὐκ</em></strong></span> <span class='ocrx_word' id='word_1_280' title='bbox 861 1466 934 1498; x_wconf 81' lang='grc' dir='ltr'><strong><em>εἰδὼς</em></strong></span> <span class='ocrx_word' id='word_1_281' title='bbox 950 1473 954 1487; x_wconf 89' lang='lat'><strong>¹</strong></span> <span class='ocrx_word' id='word_1_282' title='bbox 969 1468 1037 1494; x_wconf 82' lang='grc' dir='ltr'><strong><em>πλα-</em></strong></span> 
     </span>
     <span class='ocr_line' id='line_1_36' title="bbox 245 1508 1038 1548; baseline -0.004 -9"><span class='ocrx_word' id='word_1_283' title='bbox 245 1511 294 1548; x_wconf 79' lang='grc' dir='ltr'><strong><em>νῷο</em></strong></span> <span class='ocrx_word' id='word_1_284' title='bbox 314 1510 357 1543; x_wconf 65' lang='grc' dir='ltr'><strong><em>ἄν,</em></strong></span> <span class='ocrx_word' id='word_1_285' title='bbox 376 1509 390 1545; x_wconf 80' lang='grc' dir='ltr'><em>ἢ</em></span> <span class='ocrx_word' id='word_1_286' title='bbox 409 1510 443 1547; x_wconf 77' lang='grc' dir='ltr'><strong><em>τῷ</em></strong></span> <span class='ocrx_word' id='word_1_287' title='bbox 461 1508 600 1547; x_wconf 75' lang='grc' dir='ltr'><strong><em>κυβερνήτῃ</em></strong></span> <span class='ocrx_word' id='word_1_288' title='bbox 619 1512 758 1547; x_wconf 78' lang='grc' dir='ltr'><strong><em>ἐπιτρέψας</em></strong></span> <span class='ocrx_word' id='word_1_289' title='bbox 776 1508 808 1537; x_wconf 69' lang='grc' dir='ltr'><strong><em>ἄν</em></strong></span> <span class='ocrx_word' id='word_1_290' title='bbox 825 1508 934 1544; x_wconf 75' lang='grc' dir='ltr'><strong><em>ἡσυχίαν</em></strong></span> <span class='ocrx_word' id='word_1_291' title='bbox 953 1508 1038 1547; x_wconf 77' lang='grc' dir='ltr'><strong><em>ὅίγοιςς</em></strong></span> 
     </span>
     <span class='ocr_line' id='line_1_37' title="bbox 245 1550 1038 1590; baseline -0.003 -9"><span class='ocrx_word' id='word_1_292' title='bbox 245 1558 296 1581; x_wconf 86' lang='lat' dir='ltr'><strong><em>AA.</em></strong></span> <span class='ocrx_word' id='word_1_293' title='bbox 317 1553 358 1590; x_wconf 82' lang='grc' dir='ltr'><strong><em>Τῳ</em></strong></span> <span class='ocrx_word' id='word_1_294' title='bbox 380 1551 526 1589; x_wconf 76' lang='grc' dir='ltr'><strong><em>κυβερνήτῃ.</em></strong></span> <span class='ocrx_word' id='word_1_295' title='bbox 570 1557 626 1580; x_wconf 93' lang='grc' dir='ltr'>ΣΩ</span> <span class='ocrx_word' id='word_1_296' title='bbox 648 1550 699 1580; x_wconf 76' lang='grc' dir='ltr'><strong><em>Οὔκ</em></strong></span> <span class='ocrx_word' id='word_1_297' title='bbox 718 1551 769 1589; x_wconf 61' lang='grc' dir='ltr'><strong><em>ἄρα</em></strong></span> <span class='ocrx_word' id='word_1_298' title='bbox 788 1553 846 1590; x_wconf 77' lang='grc' dir='ltr'><strong><em>περὶ</em></strong></span> <span class='ocrx_word' id='word_1_299' title='bbox 866 1551 881 1579; x_wconf 63' lang='grc' dir='ltr'><strong><em>α’</em></strong></span> <span class='ocrx_word' id='word_1_300' title='bbox 898 1551 933 1589; x_wconf 79' lang='grc' dir='ltr'><strong><em>μὴ</em></strong></span> <span class='ocrx_word' id='word_1_301' title='bbox 952 1550 1038 1580; x_wconf 72' lang='grc' dir='ltr'><strong><em>οἶσθα</em></strong></span> 
     </span>
     <span class='ocr_line' id='line_1_38' title="bbox 243 1592 1039 1632; baseline -0.001 -10"><span class='ocrx_word' id='word_1_302' title='bbox 243 1595 336 1631; x_wconf 79' lang='grc' dir='ltr'><strong><em>πλανᾷ,</em></strong></span> <span class='ocrx_word' id='word_1_303' title='bbox 356 1593 436 1632; x_wconf 84' lang='grc' dir='ltr'><strong><em>α’νπερ</em></strong></span> <span class='ocrx_word' id='word_1_304' title='bbox 455 1594 560 1632; x_wconf 84' lang='grc' dir='ltr'><strong><em>ειδῆς,</em></strong></span> <span class='ocrx_word' id='word_1_305' title='bbox 550 1607 589 1622; x_wconf 91' lang='grc' dir='ltr'><strong><em>οτι</em></strong></span> <span class='ocrx_word' id='word_1_306' title='bbox 609 1593 654 1622; x_wconf 82' lang='grc' dir='ltr'><strong><em>οὐκ</em></strong></span> <span class='ocrx_word' id='word_1_307' title='bbox 673 1592 772 1627; x_wconf 76' lang='grc' dir='ltr'><strong><em>οἶσθα,-</em></strong></span> <span class='ocrx_word' id='word_1_308' title='bbox 817 1599 869 1621; x_wconf 92' lang='grc' dir='ltr'>ΑΛ.</span> <span class='ocrx_word' id='word_1_309' title='bbox 891 1594 942 1622; x_wconf 75' lang='grc' dir='ltr'><strong><em>Οὐκ</em></strong></span> <span class='ocrx_word' id='word_1_310' title='bbox 961 1595 1039 1622; x_wconf 76' lang='grc' dir='ltr'><strong><em>ἔοικα.</em></strong></span> 
     </span>
     <span class='ocr_line' id='line_1_39' title="bbox 244 1635 1037 1673; baseline -0.004 -7"><span class='ocrx_word' id='word_1_311' title='bbox 244 1643 261 1655; x_wconf 61' lang='lat' dir='ltr'>x</span> <span class='ocrx_word' id='word_1_312' title='bbox 245 1644 300 1665; x_wconf 69' lang='grc' dir='ltr'>..Ω.</span> <span class='ocrx_word' id='word_1_313' title='bbox 317 1635 426 1668; x_wconf 79' lang='grc' dir='ltr'><strong><em>Εννοεῖς</em></strong></span> <span class='ocrx_word' id='word_1_314' title='bbox 443 1649 496 1669; x_wconf 85' lang='grc' dir='ltr'><strong><em>ουν,</em></strong></span> <span class='ocrx_word' id='word_1_315' title='bbox 517 1637 555 1665; x_wconf 80' lang='grc' dir='ltr'><strong><em>ὅτι</em></strong></span> <span class='ocrx_word' id='word_1_316' title='bbox 574 1649 617 1664; x_wconf 92' lang='grc' dir='ltr'><strong><em>και</em></strong></span> <span class='ocrx_word' id='word_1_317' title='bbox 635 1636 666 1664; x_wconf 80' lang='grc' dir='ltr'><strong><em>τὰ</em></strong></span> <span class='ocrx_word' id='word_1_318' title='bbox 686 1649 857 1673; x_wconf 80' lang='grc' dir='ltr'><strong><em>αμαρτηματα</em></strong></span> <span class='ocrx_word' id='word_1_319' title='bbox 878 1640 903 1664; x_wconf 77' lang='grc' dir='ltr'><strong><em>ἐν</em></strong></span> <span class='ocrx_word' id='word_1_320' title='bbox 920 1635 951 1673; x_wconf 73' lang='grc' dir='ltr'><strong><em>τῇ</em></strong></span> <span class='ocrx_word' id='word_1_321' title='bbox 968 1648 1037 1673; x_wconf 76' lang='grc' dir='ltr'><strong><em>πρα-</em></strong></span> 
     </span>
     <span class='ocr_line' id='line_1_40' title="bbox 245 1677 1039 1717; baseline -0.004 -8.992"><span class='ocrx_word' id='word_1_322' title='bbox 245 1683 281 1711; x_wconf 80' lang='grc' dir='ltr'><strong><em>ξει</em></strong></span> <span class='ocrx_word' id='word_1_323' title='bbox 304 1678 347 1708; x_wconf 74' lang='grc' dir='ltr'><strong><em>διὰ</em></strong></span> <span class='ocrx_word' id='word_1_324' title='bbox 367 1679 463 1715; x_wconf 74' lang='grc' dir='ltr'><strong><em>ταύτην</em></strong></span> <span class='ocrx_word' id='word_1_325' title='bbox 483 1678 529 1715; x_wconf 84' lang='grc' dir='ltr'><strong><em>τὴν</em></strong></span> <span class='ocrx_word' id='word_1_326' title='bbox 551 1677 659 1717; x_wconf 86' lang='grc' dir='ltr'><strong><em>α’γνοιαν</em></strong></span> <span class='ocrx_word' id='word_1_327' title='bbox 683 1682 748 1711; x_wconf 80' lang='grc' dir='ltr'><strong><em>ἐστι,</em></strong></span> <span class='ocrx_word' id='word_1_328' title='bbox 771 1679 817 1714; x_wconf 77' lang='grc' dir='ltr'><strong><em>τήν</em></strong></span> <span class='ocrx_word' id='word_1_329' title='bbox 834 1679 881 1706; x_wconf 77' lang='grc' dir='ltr'><strong><em>τοῦ</em></strong></span> <span class='ocrx_word' id='word_1_330' title='bbox 898 1678 932 1714; x_wconf 83' lang='grc' dir='ltr'><strong><em>μὴ</em></strong></span> <span class='ocrx_word' id='word_1_331' title='bbox 951 1678 1039 1706; x_wconf 61' lang='lat' dir='ltr'>emota</span> 
     </span>
     <span class='ocr_line' id='line_1_41' title="bbox 528 1721 1039 1759; baseline -0.004 -10"><span class='ocrx_word' id='word_1_332' title='bbox 528 1726 581 1749; x_wconf 92' lang='lat' dir='ltr'><strong><em>AA.</em></strong></span> <span class='ocrx_word' id='word_1_333' title='bbox 604 1721 668 1752; x_wconf 82' lang='grc' dir='ltr'><strong><em>Πῶς</em></strong></span> <span class='ocrx_word' id='word_1_334' title='bbox 690 1733 722 1749; x_wconf 82' lang='grc' dir='ltr'><strong><em>αν</em></strong></span> <span class='ocrx_word' id='word_1_335' title='bbox 744 1723 823 1759; x_wconf 80' lang='grc' dir='ltr'><strong><em>λέγεις</em></strong></span> <span class='ocrx_word' id='word_1_336' title='bbox 848 1721 939 1753; x_wconf 81' lang='grc' dir='ltr'><strong><em>τοῦτο;</em></strong></span> <span class='ocrx_word' id='word_1_337' title='bbox 984 1726 1039 1748; x_wconf 89' lang='grc' dir='ltr'><strong><em>ΣΩ.</em></strong></span> 
     </span>
     <span class='ocr_line' id='line_1_42' title="bbox 247 1762 1038 1801; baseline -0.003 -8.997"><span class='ocrx_word' id='word_1_338' title='bbox 247 1764 311 1793; x_wconf 84' lang='grc' dir='ltr'><strong><em>Τότε</em></strong></span> <span class='ocrx_word' id='word_1_339' title='bbox 329 1776 381 1793; x_wconf 85' lang='grc' dir='ltr'><strong><em>που</em></strong></span> <span class='ocrx_word' id='word_1_340' title='bbox 400 1763 574 1801; x_wconf 69' lang='grc' dir='ltr'><strong><em>ἐπιχειροῦμεν</em></strong></span> <span class='ocrx_word' id='word_1_341' title='bbox 595 1775 728 1801; x_wconf 83' lang='grc' dir='ltr'><strong><em>πραττειν,</em></strong></span> <span class='ocrx_word' id='word_1_342' title='bbox 753 1762 817 1791; x_wconf 79' lang='grc' dir='ltr'><strong><em>ὅταν</em></strong></span> <span class='ocrx_word' id='word_1_343' title='bbox 835 1762 956 1800; x_wconf 80' lang='grc' dir='ltr'><strong><em>οἷωμεθα</em></strong></span> <span class='ocrx_word' id='word_1_344' title='bbox 975 1763 1038 1790; x_wconf 79' lang='grc' dir='ltr'><strong><em>εἰδέ-</em></strong></span> 
     </span>
     <span class='ocr_line' id='line_1_43' title="bbox 244 1804 1041 1844; baseline -0.004 -9"><span class='ocrx_word' id='word_1_345' title='bbox 244 1819 286 1835; x_wconf 90' lang='grc' dir='ltr'><strong><em>ναι</em></strong></span> <span class='ocrx_word' id='word_1_346' title='bbox 308 1806 323 1835; x_wconf 82' lang='grc' dir='ltr'><em>ὃ</em></span> <span class='ocrx_word' id='word_1_347' title='bbox 345 1819 370 1835; x_wconf 91' lang='grc' dir='ltr'><strong><em>τι</em></strong></span> <span class='ocrx_word' id='word_1_348' title='bbox 390 1818 550 1844; x_wconf 74' lang='grc' dir='ltr'><strong><em>πραττομενς</em></strong></span> <span class='ocrx_word' id='word_1_349' title='bbox 580 1811 583 1826; x_wconf 89' lang='lat'><strong>¹</strong></span> <span class='ocrx_word' id='word_1_350' title='bbox 612 1810 665 1834; x_wconf 88' lang='lat' dir='ltr'><strong><em>AA.</em></strong></span> <span class='ocrx_word' id='word_1_351' title='bbox 690 1807 753 1833; x_wconf 86' lang='grc' dir='ltr'><strong><em>Ναί.</em></strong></span> <span class='ocrx_word' id='word_1_352' title='bbox 797 1811 852 1833; x_wconf 88' lang='grc' dir='ltr'><strong><em>ΣΩ.</em></strong></span> <span class='ocrx_word' id='word_1_353' title='bbox 867 1804 945 1834; x_wconf 86' lang='grc' dir='ltr'><strong><em>Ὀταν</em></strong></span> <span class='ocrx_word' id='word_1_354' title='bbox 968 1806 994 1832; x_wconf 83' lang='grc' dir='ltr'><strong><em>δέ</em></strong></span> <span class='ocrx_word' id='word_1_355' title='bbox 1011 1807 1041 1843; x_wconf 77' lang='grc' dir='ltr'><strong><em>γε’</em></strong></span> 
     </span>
     <span class='ocr_line' id='line_1_44' title="bbox 243 1846 1040 1886; baseline -0.005 -8"><span class='ocrx_word' id='word_1_356' title='bbox 243 1847 296 1878; x_wconf 74' lang='grc' dir='ltr'><strong><em>πού</em></strong></span> <span class='ocrx_word' id='word_1_357' title='bbox 322 1859 387 1880; x_wconf 86' lang='grc' dir='ltr'><strong><em>τινες</em></strong></span> <span class='ocrx_word' id='word_1_358' title='bbox 411 1848 445 1886; x_wconf 86' lang='grc' dir='ltr'><strong><em>μὴ</em></strong></span> <span class='ocrx_word' id='word_1_359' title='bbox 472 1851 577 1877; x_wconf 78' lang='grc' dir='ltr'><strong><em>οἴωνται</em></strong></span> <span class='ocrx_word' id='word_1_360' title='bbox 603 1848 706 1880; x_wconf 79' lang='grc' dir='ltr'><strong><em>εἰδέναι,</em></strong></span> <span class='ocrx_word' id='word_1_361' title='bbox 740 1846 826 1879; x_wconf 71' lang='grc' dir='ltr'><strong><em>ἄλλοις</em></strong></span> <span class='ocrx_word' id='word_1_362' title='bbox 851 1846 1040 1884; x_wconf 82' lang='grc' dir='ltr'><strong><em>παραδιδόασι,-</em></strong></span> 
     </span>
     <span class='ocr_line' id='line_1_45' title="bbox 244 1888 1038 1926; baseline -0.004 -7"><span class='ocrx_word' id='word_1_363' title='bbox 244 1897 298 1920; x_wconf 85' lang='grc' dir='ltr'>ΑΛ.</span> <span class='ocrx_word' id='word_1_364' title='bbox 316 1890 380 1922; x_wconf 81' lang='grc' dir='ltr'><strong><em>Πῶς</em></strong></span> <span class='ocrx_word' id='word_1_365' title='bbox 398 1889 421 1918; x_wconf 78' lang='grc' dir='ltr'><strong><em>δ’</em></strong></span> <span class='ocrx_word' id='word_1_366' title='bbox 439 1889 482 1924; x_wconf 75' lang='grc' dir='ltr'><strong><em>οὕ,-</em></strong></span> <span class='ocrx_word' id='word_1_367' title='bbox 518 1896 574 1918; x_wconf 89' lang='grc' dir='ltr'><strong><em>ΣΩ.</em></strong></span> <span class='ocrx_word' id='word_1_368' title='bbox 592 1888 692 1918; x_wconf 85' lang='grc' dir='ltr'><strong><em>Ουκουν</em></strong></span> <span class='ocrx_word' id='word_1_369' title='bbox 710 1891 736 1918; x_wconf 85' lang='grc' dir='ltr'><strong><em>οῖ</em></strong></span> <span class='ocrx_word' id='word_1_370' title='bbox 753 1890 867 1918; x_wconf 75' lang='grc' dir='ltr'><strong><em>τοιοῦτοι</em></strong></span> <span class='ocrx_word' id='word_1_371' title='bbox 888 1890 936 1917; x_wconf 83' lang='grc' dir='ltr'><strong><em>τῶν</em></strong></span> <span class='ocrx_word' id='word_1_372' title='bbox 952 1902 987 1926; x_wconf 87' lang='grc' dir='ltr'><strong><em>μη</em></strong></span> <span class='ocrx_word' id='word_1_373' title='bbox 1003 1889 1038 1917; x_wconf 82' lang='grc' dir='ltr'><strong><em>εἷ-</em></strong></span> 
     </span>
     <span class='ocr_line' id='line_1_46' title="bbox 245 1931 1042 1970; baseline -0.003 -9"><span class='ocrx_word' id='word_1_374' title='bbox 245 1933 327 1962; x_wconf 86' lang='grc' dir='ltr'><strong><em>δοτων</em></strong></span> <span class='ocrx_word' id='word_1_375' title='bbox 353 1931 529 1970; x_wconf 79' lang='grc' dir='ltr'><strong><em>ἆναμαρτήτοι</em></strong></span> <span class='ocrx_word' id='word_1_376' title='bbox 556 1933 617 1965; x_wconf 76' lang='grc' dir='ltr'><strong><em>ζῶσι</em></strong></span> <span class='ocrx_word' id='word_1_377' title='bbox 644 1932 686 1960; x_wconf 81' lang='grc' dir='ltr'><strong><em>διὰ</em></strong></span> <span class='ocrx_word' id='word_1_378' title='bbox 712 1932 741 1960; x_wconf 78' lang='grc' dir='ltr'><strong><em>τὸ</em></strong></span> <span class='ocrx_word' id='word_1_379' title='bbox 770 1931 856 1963; x_wconf 90' lang='grc' dir='ltr'><strong><em>α’λλοις</em></strong></span> <span class='ocrx_word' id='word_1_380' title='bbox 876 1933 935 1969; x_wconf 76' lang='grc' dir='ltr'><strong><em>περὶ</em></strong></span> <span class='ocrx_word' id='word_1_381' title='bbox 958 1931 1042 1959; x_wconf 78' lang='grc' dir='ltr'><strong><em>αὐτῶν</em></strong></span> 
     </span>
     <span class='ocr_line' id='line_1_47' title="bbox 245 1972 1039 2013; baseline -0.004 -9"><span class='ocrx_word' id='word_1_382' title='bbox 245 1978 397 2013; x_wconf 82' lang='grc' dir='ltr'><strong><em>ἐπιτρέπειν;</em></strong></span> <span class='ocrx_word' id='word_1_383' title='bbox 441 1981 494 2004; x_wconf 89' lang='lat' dir='ltr'><strong><em>AA.</em></strong></span> <span class='ocrx_word' id='word_1_384' title='bbox 519 1977 581 2003; x_wconf 91' lang='grc' dir='ltr'><strong><em>Ναί.</em></strong></span> <span class='ocrx_word' id='word_1_385' title='bbox 625 1980 680 2002; x_wconf 87' lang='grc' dir='ltr'><strong><em>ΣΩ.</em></strong></span> <span class='ocrx_word' id='word_1_386' title='bbox 705 1976 775 2006; x_wconf 85' lang='grc' dir='ltr'><strong><em>Τίνες</em></strong></span> <span class='ocrx_word' id='word_1_387' title='bbox 797 1975 843 2002; x_wconf 80' lang='grc' dir='ltr'><strong><em>οὖν</em></strong></span> <span class='ocrx_word' id='word_1_388' title='bbox 869 1975 895 2002; x_wconf 81' lang='grc' dir='ltr'><strong><em>οἱ</em></strong></span> <span class='ocrx_word' id='word_1_389' title='bbox 922 1972 1039 2011; x_wconf 78' lang='grc' dir='ltr'><strong><em>αμαρτοὶ-</em></strong></span> 
     </span>
     <span class='ocr_line' id='line_1_48' title="bbox 244 2015 1041 2056; baseline -0.005 -9"><span class='ocrx_word' id='word_1_390' title='bbox 244 2029 343 2051; x_wconf 83' lang='grc' dir='ltr'><strong><em>νοντες;</em></strong></span> <span class='ocrx_word' id='word_1_391' title='bbox 371 2016 402 2046; x_wconf 78' lang='grc' dir='ltr'><strong><em>οὗ</em></strong></span> <span class='ocrx_word' id='word_1_392' title='bbox 427 2016 478 2056; x_wconf 60' lang='grc' dir='ltr'><strong><em>γάρ</em></strong></span> <span class='ocrx_word' id='word_1_393' title='bbox 504 2029 558 2046; x_wconf 89' lang='grc' dir='ltr'><strong><em>που</em></strong></span> <span class='ocrx_word' id='word_1_394' title='bbox 585 2018 612 2045; x_wconf 82' lang='grc' dir='ltr'><strong><em>οἵ</em></strong></span> <span class='ocrx_word' id='word_1_395' title='bbox 635 2029 665 2055; x_wconf 83' lang='grc' dir='ltr'><strong><em>γε</em></strong></span> <span class='ocrx_word' id='word_1_396' title='bbox 687 2015 790 2048; x_wconf 77' lang='grc' dir='ltr'><strong><em>εἰδότες.</em></strong></span> <span class='ocrx_word' id='word_1_397' title='bbox 834 2021 887 2044; x_wconf 92' lang='lat' dir='ltr'><strong><em>AA.</em></strong></span> <span class='ocrx_word' id='word_1_398' title='bbox 909 2015 945 2044; x_wconf 67' lang='lat'><strong><em>02³1</em></strong></span> <span class='ocrx_word' id='word_1_399' title='bbox 970 2016 1041 2051; x_wconf 81' lang='grc' dir='ltr'><strong><em>δῆτα</em></strong></span> 
     </span>
     <span class='ocr_line' id='line_1_49' title="bbox 245 2057 1040 2095; baseline -0.004 -7"><span class='ocrx_word' id='word_1_400' title='bbox 245 2066 300 2088; x_wconf 85' lang='grc' dir='ltr'><strong><em>ΣΩ.</em></strong></span> <span class='ocrx_word' id='word_1_401' title='bbox 316 2058 416 2095; x_wconf 79' lang='grc' dir='ltr'><strong><em>Ἐπειδὴ</em></strong></span> <span class='ocrx_word' id='word_1_402' title='bbox 438 2061 465 2088; x_wconf 86' lang='grc' dir='ltr'><strong><em>δὲ</em></strong></span> <span class='ocrx_word' id='word_1_403' title='bbox 488 2057 550 2089; x_wconf 67' lang='grc' dir='ltr'><strong><em>οὔθ’</em></strong></span> <span class='ocrx_word' id='word_1_404' title='bbox 571 2060 597 2087; x_wconf 81' lang='grc' dir='ltr'><strong><em>οἱ</em></strong></span> <span class='ocrx_word' id='word_1_405' title='bbox 614 2058 710 2090; x_wconf 80' lang='grc' dir='ltr'><strong><em>εἰδότες</em></strong></span> <span class='ocrx_word' id='word_1_406' title='bbox 728 2057 790 2087; x_wconf 71' lang='grc' dir='ltr'><strong><em>οὔθ’</em></strong></span> <span class='ocrx_word' id='word_1_407' title='bbox 808 2059 834 2087; x_wconf 84' lang='grc' dir='ltr'><strong><em>οἳ</em></strong></span> <span class='ocrx_word' id='word_1_408' title='bbox 852 2058 903 2086; x_wconf 77' lang='grc' dir='ltr'><strong><em>τῶν</em></strong></span> <span class='ocrx_word' id='word_1_409' title='bbox 918 2058 953 2095; x_wconf 81' lang='grc' dir='ltr'><strong><em>μὴ</em></strong></span> <span class='ocrx_word' id='word_1_410' title='bbox 970 2057 1040 2086; x_wconf 82' lang='grc' dir='ltr'><strong><em>εἰδό-</em></strong></span> 
     </span>
     <span class='ocr_line' id='line_1_50' title="bbox 245 2099 1042 2136; baseline -0.003 -6"><span class='ocrx_word' id='word_1_411' title='bbox 245 2115 295 2131; x_wconf 88' lang='grc' dir='ltr'><strong><em>των</em></strong></span> <span class='ocrx_word' id='word_1_412' title='bbox 312 2101 436 2134; x_wconf 77' lang='grc' dir='ltr'><strong><em>εἰδότες</em></strong></span> <span class='ocrx_word' id='word_1_413' title='bbox 426 2101 466 2130; x_wconf 86' lang='grc' dir='ltr'><strong><em>ο’τι</em></strong></span> <span class='ocrx_word' id='word_1_414' title='bbox 484 2114 530 2130; x_wconf 91' lang='grc' dir='ltr'><strong><em>ουκ</em></strong></span> <span class='ocrx_word' id='word_1_415' title='bbox 553 2104 651 2134; x_wconf 82' lang='grc' dir='ltr'><strong><em>ι’σασιν,</em></strong></span> <span class='ocrx_word' id='word_1_416' title='bbox 674 2114 689 2136; x_wconf 84' lang='grc' dir='ltr'><strong><em>η</em></strong></span> <span class='ocrx_word' id='word_1_417' title='bbox 713 2100 786 2129; x_wconf 90' lang='grc' dir='ltr'><strong><em>α’λλοι</em></strong></span> <span class='ocrx_word' id='word_1_418' title='bbox 802 2102 933 2129; x_wconf 75' lang='grc' dir='ltr'><strong><em>λείπονται</em></strong></span> <span class='ocrx_word' id='word_1_419' title='bbox 952 2104 964 2117; x_wconf 84' lang='lat'>*</span> <span class='ocrx_word' id='word_1_420' title='bbox 982 2099 997 2135; x_wconf 82' lang='grc' dir='ltr'><em>ἢ</em></span> <span class='ocrx_word' id='word_1_421' title='bbox 1016 2101 1042 2128; x_wconf 83' lang='grc' dir='ltr'><strong><em>οἶ</em></strong></span> 
     </span>
     <span class='ocr_line' id='line_1_51' title="bbox 244 2141 1040 2182; baseline -0.004 -9"><span class='ocrx_word' id='word_1_422' title='bbox 244 2144 279 2182; x_wconf 82' lang='grc' dir='ltr'><strong><em>μὴ</em></strong></span> <span class='ocrx_word' id='word_1_423' title='bbox 296 2143 400 2177; x_wconf 78' lang='grc' dir='ltr'><strong><em>εἰδότες,</em></strong></span> <span class='ocrx_word' id='word_1_424' title='bbox 420 2143 535 2181; x_wconf 75' lang='grc' dir='ltr'><strong><em>οἰόμενοι</em></strong></span> <span class='ocrx_word' id='word_1_425' title='bbox 553 2142 576 2171; x_wconf 90' lang='grc' dir='ltr'><strong><em>δ</em></strong></span> <span class='ocrx_word' id='word_1_426' title='bbox 594 2143 700 2176; x_wconf 71' lang='grc' dir='ltr'><strong><em>εἷδὲναις</em></strong></span> <span class='ocrx_word' id='word_1_427' title='bbox 735 2148 788 2171; x_wconf 94' lang='lat' dir='ltr'><strong><em>AA.</em></strong></span> <span class='ocrx_word' id='word_1_428' title='bbox 811 2141 870 2175; x_wconf 84' lang='grc' dir='ltr'><strong><em>Ουκ,</em></strong></span> <span class='ocrx_word' id='word_1_429' title='bbox 891 2141 943 2170; x_wconf 78' lang='grc' dir='ltr'><strong><em>ἀλλ’</em></strong></span> <span class='ocrx_word' id='word_1_430' title='bbox 960 2144 1040 2171; x_wconf 84' lang='grc' dir='ltr'><strong><em>οὑτοι.</em></strong></span> 
     </span>
     <span class='ocr_line' id='line_1_52' title="bbox 245 2183 1039 2224; baseline -0.003 -10"><span class='ocrx_word' id='word_1_431' title='bbox 245 2192 300 2214; x_wconf 89' lang='grc' dir='ltr'><strong><em>ΣΩ.</em></strong></span> <span class='ocrx_word' id='word_1_432' title='bbox 318 2185 391 2222; x_wconf 73' lang='grc' dir='ltr'><strong><em>Αὕτη</em></strong></span> <span class='ocrx_word' id='word_1_433' title='bbox 410 2185 460 2223; x_wconf 77' lang='grc' dir='ltr'><strong><em>ἆρα</em></strong></span> <span class='ocrx_word' id='word_1_434' title='bbox 478 2184 493 2222; x_wconf 83' lang='grc' dir='ltr'><strong><em>ἦ</em></strong></span> <span class='ocrx_word' id='word_1_435' title='bbox 513 2185 605 2224; x_wconf 68' lang='grc' dir='ltr'><strong><em>ιῖίγνοια</em></strong></span> <span class='ocrx_word' id='word_1_436' title='bbox 624 2186 674 2214; x_wconf 80' lang='grc' dir='ltr'><strong><em>τῶν</em></strong></span> <span class='ocrx_word' id='word_1_437' title='bbox 691 2185 776 2213; x_wconf 77' lang='grc' dir='ltr'><strong><em>κακῶν</em></strong></span> <span class='ocrx_word' id='word_1_438' title='bbox 795 2185 864 2213; x_wconf 90' lang='grc' dir='ltr'><strong><em>αιτία</em></strong></span> <span class='ocrx_word' id='word_1_439' title='bbox 882 2185 925 2212; x_wconf 77' lang='grc' dir='ltr'><strong><em>καὶ</em></strong></span> <span class='ocrx_word' id='word_1_440' title='bbox 942 2183 958 2220; x_wconf 82' lang='grc' dir='ltr'>ἦ</span> <span class='ocrx_word' id='word_1_441' title='bbox 977 2188 1039 2213; x_wconf 82' lang='grc' dir='ltr'><strong><em>ἐπο-</em></strong></span> 
     </span>
     <span class='ocr_line' id='line_1_53' title="bbox 247 2225 1041 2266; baseline -0.004 -9"><span class='ocrx_word' id='word_1_442' title='bbox 247 2229 370 2260; x_wconf 84' lang='grc' dir='ltr'><strong><em>νείδιστος</em></strong></span> <span class='ocrx_word' id='word_1_443' title='bbox 391 2227 504 2266; x_wconf 80' lang='grc' dir='ltr'><strong><em>ἀμαθία.</em></strong></span> <span class='ocrx_word' id='word_1_444' title='bbox 548 2233 601 2256; x_wconf 88' lang='grc' dir='ltr'>ΑΛ.</span> <span class='ocrx_word' id='word_1_445' title='bbox 626 2229 689 2255; x_wconf 88' lang='grc' dir='ltr'><strong><em>Ναί.</em></strong></span> <span class='ocrx_word' id='word_1_446' title='bbox 733 2233 788 2255; x_wconf 91' lang='grc' dir='ltr'><strong><em>ΣΩ.</em></strong></span> <span class='ocrx_word' id='word_1_447' title='bbox 814 2225 913 2256; x_wconf 80' lang='grc' dir='ltr'><strong><em>Οὐκοῦν</em></strong></span> <span class='ocrx_word' id='word_1_448' title='bbox 935 2226 999 2255; x_wconf 78' lang='grc' dir='ltr'><strong><em>ὅταν</em></strong></span> <span class='ocrx_word' id='word_1_449' title='bbox 1025 2239 1041 2263; x_wconf 88' lang='grc' dir='ltr'>ῃ</span> 
     </span>
     <span class='ocr_line' id='line_1_54' title="bbox 245 2268 1041 2309; baseline -0.004 -10"><span class='ocrx_word' id='word_1_450' title='bbox 245 2270 357 2309; x_wconf 80' lang='grc' dir='ltr'><strong><em>περὶτὰ</em></strong></span> <span class='ocrx_word' id='word_1_451' title='bbox 382 2273 504 2308; x_wconf 71' lang='grc' dir='ltr'><strong><em>μέγιστα,</em></strong></span> <span class='ocrx_word' id='word_1_452' title='bbox 531 2269 590 2298; x_wconf 83' lang='grc' dir='ltr'><strong><em>τότε</em></strong></span> <span class='ocrx_word' id='word_1_453' title='bbox 615 2268 812 2308; x_wconf 77' lang='grc' dir='ltr'><strong><em>κακουργοτάτη</em></strong></span> <span class='ocrx_word' id='word_1_454' title='bbox 838 2270 882 2297; x_wconf 80' lang='grc' dir='ltr'><strong><em>καὶ</em></strong></span> <span class='ocrx_word' id='word_1_455' title='bbox 908 2269 1041 2304; x_wconf 73' lang='grc' dir='ltr'><strong><em>αἰσχίστης</em></strong></span> 
     </span>
     <span class='ocr_line' id='line_1_55' title="bbox 245 2308 1039 2351; baseline -0.004 -9"><span class='ocrx_word' id='word_1_456' title='bbox 245 2318 298 2342; x_wconf 86' lang='lat' dir='ltr'><strong><em>AA.</em></strong></span> <span class='ocrx_word' id='word_1_457' title='bbox 320 2312 397 2341; x_wconf 77' lang='grc' dir='ltr'><strong><em>Πολύ</em></strong></span> <span class='ocrx_word' id='word_1_458' title='bbox 417 2324 454 2351; x_wconf 89' lang='grc' dir='ltr'><strong><em>γε.</em></strong></span> <span class='ocrx_word' id='word_1_459' title='bbox 498 2317 553 2340; x_wconf 90' lang='grc' dir='ltr'><strong><em>ΣΩ.</em></strong></span> <span class='ocrx_word' id='word_1_460' title='bbox 578 2314 610 2340; x_wconf 87' lang='grc' dir='ltr'><strong><em>Τί</em></strong></span> <span class='ocrx_word' id='word_1_461' title='bbox 630 2308 688 2345; x_wconf 70' lang='grc' dir='ltr'><strong><em>οῧν;</em></strong></span> <span class='ocrx_word' id='word_1_462' title='bbox 717 2314 779 2347; x_wconf 78' lang='grc' dir='ltr'><strong><em>ἔχεις</em></strong></span> <span class='ocrx_word' id='word_1_463' title='bbox 803 2313 878 2349; x_wconf 69' lang='grc' dir='ltr'><strong><em>μείζω</em></strong></span> <span class='ocrx_word' id='word_1_464' title='bbox 900 2311 981 2340; x_wconf 74' lang='grc' dir='ltr'><strong><em>εἰπεῖν</em></strong></span> <span class='ocrx_word' id='word_1_465' title='bbox 1003 2312 1039 2339; x_wconf 86' lang='grc' dir='ltr'><strong><em>δι-</em></strong></span> 
     </span>
     <span class='ocr_line' id='line_1_56' title="bbox 246 2352 1042 2403; baseline -0.004 -19"><span class='ocrx_word' id='word_1_466' title='bbox 246 2357 324 2384; x_wconf 79' lang='grc' dir='ltr'><strong><em>καίων</em></strong></span> <span class='ocrx_word' id='word_1_467' title='bbox 349 2367 376 2383; x_wconf 84' lang='grc' dir='ltr'><strong><em>τε</em></strong></span> <span class='ocrx_word' id='word_1_468' title='bbox 402 2356 445 2382; x_wconf 77' lang='grc' dir='ltr'><strong><em>καὶ</em></strong></span> <span class='ocrx_word' id='word_1_469' title='bbox 471 2354 555 2382; x_wconf 84' lang='grc' dir='ltr'><strong><em>καλῶν</em></strong></span> <span class='ocrx_word' id='word_1_470' title='bbox 580 2355 623 2382; x_wconf 80' lang='grc' dir='ltr'><strong><em>καὶ</em></strong></span> <span class='ocrx_word' id='word_1_471' title='bbox 650 2353 764 2393; x_wconf 78' lang='grc' dir='ltr'><strong><em>ἆγαθῶν</em></strong></span> <span class='ocrx_word' id='word_1_472' title='bbox 784 2355 828 2381; x_wconf 79' lang='grc' dir='ltr'><strong><em>καὶ</em></strong></span> <span class='ocrx_word' id='word_1_473' title='bbox 849 2352 1042 2403; x_wconf 79' lang='grc' dir='ltr'><strong><em>ξυμφερόντωνς</em></strong></span> 
     </span>
     <span class='ocr_line' id='line_1_57' title="bbox 247 2395 1040 2433; baseline -0.003 -8"><span class='ocrx_word' id='word_1_474' title='bbox 247 2403 299 2426; x_wconf 91' lang='grc' dir='ltr'>ΑΛ.</span> <span class='ocrx_word' id='word_1_475' title='bbox 320 2395 357 2426; x_wconf 78' lang='grc' dir='ltr'><strong><em>Οὗ</em></strong></span> <span class='ocrx_word' id='word_1_476' title='bbox 375 2397 446 2433; x_wconf 78' lang='grc' dir='ltr'><strong><em>δῆτα.</em></strong></span> <span class='ocrx_word' id='word_1_477' title='bbox 489 2402 545 2424; x_wconf 85' lang='grc' dir='ltr'>ΣΩ</span> <span class='ocrx_word' id='word_1_478' title='bbox 567 2395 665 2425; x_wconf 72' lang='grc' dir='ltr'><strong><em>Οὗκοῦν</em></strong></span> <span class='ocrx_word' id='word_1_479' title='bbox 682 2409 740 2433; x_wconf 85' lang='grc' dir='ltr'><strong><em>περι</em></strong></span> <span class='ocrx_word' id='word_1_480' title='bbox 758 2408 840 2425; x_wconf 89' lang='grc' dir='ltr'><strong><em>ταυτα</em></strong></span> <span class='ocrx_word' id='word_1_481' title='bbox 859 2396 892 2424; x_wconf 75' lang='grc' dir='ltr'><strong><em>σὺ</em></strong></span> <span class='ocrx_word' id='word_1_482' title='bbox 909 2396 960 2433; x_wconf 85' lang='grc' dir='ltr'><strong><em>φῂς</em></strong></span> <span class='ocrx_word' id='word_1_483' title='bbox 974 2398 1040 2423; x_wconf 84' lang='grc' dir='ltr'><strong><em>πλα-</em></strong></span> 
     </span>
     <span class='ocr_line' id='line_1_58' title="bbox 247 2437 1043 2475; baseline -0.004 -7"><span class='ocrx_word' id='word_1_484' title='bbox 247 2439 363 2473; x_wconf 73' lang='grc' dir='ltr'><strong><em>νᾶσθαις</em></strong></span> <span class='ocrx_word' id='word_1_485' title='bbox 398 2444 450 2468; x_wconf 89' lang='lat' dir='ltr'><strong><em>AA.</em></strong></span> <span class='ocrx_word' id='word_1_486' title='bbox 472 2441 534 2466; x_wconf 80' lang='grc' dir='ltr'><strong><em>Ναί.</em></strong></span> <span class='ocrx_word' id='word_1_487' title='bbox 579 2444 633 2466; x_wconf 92' lang='grc' dir='ltr'>ΣΩ</span> <span class='ocrx_word' id='word_1_488' title='bbox 655 2440 684 2467; x_wconf 86' lang='grc' dir='ltr'><strong><em>Εἰ</em></strong></span> <span class='ocrx_word' id='word_1_489' title='bbox 703 2440 729 2467; x_wconf 85' lang='grc' dir='ltr'><strong><em>δὲ</em></strong></span> <span class='ocrx_word' id='word_1_490' title='bbox 747 2438 840 2474; x_wconf 82' lang='grc' dir='ltr'><strong><em>πλανᾷ,</em></strong></span> <span class='ocrx_word' id='word_1_491' title='bbox 861 2437 899 2475; x_wconf 79' lang='grc' dir='ltr'><strong><em>οἱρ</em></strong></span> <span class='ocrx_word' id='word_1_492' title='bbox 918 2437 948 2467; x_wconf 83' lang='grc' dir='ltr'><strong><em>οὗ</em></strong></span> <span class='ocrx_word' id='word_1_493' title='bbox 967 2438 1043 2474; x_wconf 73' lang='grc' dir='ltr'><strong><em>δῆλον</em></strong></span> 
     </span>
     <span class='ocr_line' id='line_1_59' title="bbox 249 2479 1041 2519; baseline -0.003 -9"><span class='ocrx_word' id='word_1_494' title='bbox 249 2486 274 2510; x_wconf 79' lang='grc' dir='ltr'><strong><em>ἐκ</em></strong></span> <span class='ocrx_word' id='word_1_495' title='bbox 295 2481 347 2510; x_wconf 77' lang='grc' dir='ltr'><strong><em>τῶν</em></strong></span> <span class='ocrx_word' id='word_1_496' title='bbox 369 2483 534 2519; x_wconf 72' lang='grc' dir='ltr'><strong><em>ἔμπροσθεν,</em></strong></span> <span class='ocrx_word' id='word_1_497' title='bbox 561 2480 602 2509; x_wconf 76' lang='grc' dir='ltr'><strong><em>ότι</em></strong></span> <span class='ocrx_word' id='word_1_498' title='bbox 624 2493 655 2509; x_wconf 90' lang='grc' dir='ltr'><strong><em>ου</em></strong></span> <span class='ocrx_word' id='word_1_499' title='bbox 675 2487 678 2501; x_wconf 96' lang='lat'><strong>¹</strong></span> <span class='ocrx_word' id='word_1_500' title='bbox 696 2480 778 2518; x_wconf 87' lang='grc' dir='ltr'><strong><em>μόνον</em></strong></span> <span class='ocrx_word' id='word_1_501' title='bbox 801 2479 903 2519; x_wconf 74' lang='grc' dir='ltr'><strong><em>ἀγνοεῖς</em></strong></span> <span class='ocrx_word' id='word_1_502' title='bbox 920 2480 952 2508; x_wconf 83' lang='grc' dir='ltr'><strong><em>τὰ</em></strong></span> <span class='ocrx_word' id='word_1_503' title='bbox 969 2482 1041 2519; x_wconf 81' lang='grc' dir='ltr'><strong><em>μέγι-</em></strong></span> 
     </span>
     <span class='ocr_line' id='line_1_60' title="bbox 248 2521 1041 2556; baseline -0.003 -4"><span class='ocrx_word' id='word_1_504' title='bbox 248 2537 306 2556; x_wconf 87' lang='grc' dir='ltr'><strong><em>στα,</em></strong></span> <span class='ocrx_word' id='word_1_505' title='bbox 326 2522 390 2552; x_wconf 77' lang='grc' dir='ltr'><strong><em>αλλὰ</em></strong></span> <span class='ocrx_word' id='word_1_506' title='bbox 408 2536 451 2552; x_wconf 86' lang='grc' dir='ltr'><strong><em>και</em></strong></span> <span class='ocrx_word' id='word_1_507' title='bbox 469 2521 516 2552; x_wconf 78' lang='grc' dir='ltr'><strong><em>οὐκ</em></strong></span> <span class='ocrx_word' id='word_1_508' title='bbox 534 2523 606 2554; x_wconf 85' lang='grc' dir='ltr'><strong><em>εἲδὼς</em></strong></span> <span class='ocrx_word' id='word_1_509' title='bbox 624 2526 671 2551; x_wconf 76' lang='grc' dir='ltr'><strong><em>οἷἐι</em></strong></span> <span class='ocrx_word' id='word_1_510' title='bbox 687 2522 753 2551; x_wconf 67' lang='grc' dir='ltr'><strong><em>αἰτὰ</em></strong></span> <span class='ocrx_word' id='word_1_511' title='bbox 768 2523 874 2555; x_wconf 71' lang='grc' dir='ltr'><strong><em>ειδέναις</em></strong></span> <span class='ocrx_word' id='word_1_512' title='bbox 909 2527 961 2551; x_wconf 89' lang='grc' dir='ltr'>ΑΛ.</span> <span class='ocrx_word' id='word_1_513' title='bbox 977 2528 1041 2551; x_wconf 84' lang='grc' dir='ltr'><strong><em>Κιν-</em></strong></span> 
     </span>
     <span class='ocr_line' id='line_1_61' title="bbox 248 2563 1044 2615; baseline -0.003 -20"><span class='ocrx_word' id='word_1_514' title='bbox 248 2565 350 2595; x_wconf 77' lang='grc' dir='ltr'><strong><em>δυνεύω</em></strong></span> <span class='ocrx_word' id='word_1_515' title='bbox 393 2571 448 2594; x_wconf 89' lang='grc' dir='ltr'><strong><em>ΣΩ.</em></strong></span> <span class='ocrx_word' id='word_1_516' title='bbox 471 2564 590 2602; x_wconf 78' lang='grc' dir='ltr'><strong><em>Βαβαὶ</em></strong></span> <span class='ocrx_word' id='word_1_517' title='bbox 579 2564 643 2601; x_wconf 83' lang='grc' dir='ltr'><strong><em>α’ρα,</em></strong></span> <span class='ocrx_word' id='word_1_518' title='bbox 665 2577 685 2593; x_wconf 88' lang='grc' dir='ltr'><strong><em>ω</em></strong></span> <span class='ocrx_word' id='word_1_519' title='bbox 702 2564 853 2615; x_wconf 52' lang='grc' dir='ltr'><strong><em>Ἀλκιβιάδη,</em></strong></span> <span class='ocrx_word' id='word_1_520' title='bbox 877 2563 933 2594; x_wconf 78' lang='grc' dir='ltr'><strong><em>οἷον</em></strong></span> <span class='ocrx_word' id='word_1_521' title='bbox 950 2563 1044 2596; x_wconf 82' lang='grc' dir='ltr'><strong><em>παθος</em></strong></span> 
     </span>
     <span class='ocr_line' id='line_1_62' title="bbox 247 2605 1041 2646; baseline -0.003 -10"><span class='ocrx_word' id='word_1_522' title='bbox 247 2609 402 2640; x_wconf 77' lang='grc' dir='ltr'><strong><em>πέπονθας]</em></strong></span> <span class='ocrx_word' id='word_1_523' title='bbox 428 2607 443 2636; x_wconf 78' lang='grc' dir='ltr'>ὅ</span> <span class='ocrx_word' id='word_1_524' title='bbox 462 2607 510 2646; x_wconf 80' lang='grc' dir='ltr'><strong><em>ἐγὼ</em></strong></span> <span class='ocrx_word' id='word_1_525' title='bbox 529 2605 662 2644; x_wconf 74' lang='grc' dir='ltr'><strong><em>ὄνομαζειν</em></strong></span> <span class='ocrx_word' id='word_1_526' title='bbox 678 2610 724 2644; x_wconf 79' lang='grc' dir='ltr'><strong><em>μὲν</em></strong></span> <span class='ocrx_word' id='word_1_527' title='bbox 742 2606 816 2640; x_wconf 76' lang='grc' dir='ltr'><strong><em>ὀκνῶ,</em></strong></span> <span class='ocrx_word' id='word_1_528' title='bbox 835 2606 904 2644; x_wconf 85' lang='grc' dir='ltr'><strong><em>ὅμως</em></strong></span> <span class='ocrx_word' id='word_1_529' title='bbox 921 2608 955 2639; x_wconf 79' lang='grc' dir='ltr'><strong><em>δέ,</em></strong></span> <span class='ocrx_word' id='word_1_530' title='bbox 975 2610 1041 2635; x_wconf 82' lang='grc' dir='ltr'><strong><em>ἐπει-</em></strong></span> 
     </span>
     <span class='ocr_line' id='line_1_63' title="bbox 249 2648 1041 2688; baseline -0.001 -10"><span class='ocrx_word' id='word_1_531' title='bbox 249 2651 278 2686; x_wconf 77' lang='grc' dir='ltr'><strong><em>δὴ</em></strong></span> <span class='ocrx_word' id='word_1_532' title='bbox 294 2650 366 2688; x_wconf 86' lang='grc' dir='ltr'><strong><em>μόνω</em></strong></span> <span class='ocrx_word' id='word_1_533' title='bbox 385 2653 467 2687; x_wconf 71' lang='grc' dir='ltr'><strong><em>ἐσμέτ,</em></strong></span> <span class='ocrx_word' id='word_1_534' title='bbox 486 2652 582 2688; x_wconf 80' lang='grc' dir='ltr'><strong><em>ῥητέον.</em></strong></span> <span class='ocrx_word' id='word_1_535' title='bbox 606 2648 711 2686; x_wconf 73' lang='grc' dir='ltr'><strong><em>ἀμαθία</em></strong></span> <span class='ocrx_word' id='word_1_536' title='bbox 729 2649 780 2687; x_wconf 72' lang='grc' dir='ltr'><strong><em>γὰρ</em></strong></span> <span class='ocrx_word' id='word_1_537' title='bbox 798 2652 927 2683; x_wconf 79' lang='grc' dir='ltr'><strong><em>ξυνοικεῖς,</em></strong></span> <span class='ocrx_word' id='word_1_538' title='bbox 946 2661 967 2677; x_wconf 90' lang='grc' dir='ltr'><strong><em>ω</em></strong></span> <span class='ocrx_word' id='word_1_539' title='bbox 986 2650 1041 2686; x_wconf 79' lang='grc' dir='ltr'><strong><em>βέλ-</em></strong></span> 
     </span>
     <span class='ocr_line' id='line_1_64' title="bbox 251 2690 1042 2731; baseline -0.004 -9"><span class='ocrx_word' id='word_1_540' title='bbox 251 2705 326 2725; x_wconf 84' lang='grc' dir='ltr'><strong><em>τιστε,</em></strong></span> <span class='ocrx_word' id='word_1_541' title='bbox 345 2693 377 2731; x_wconf 83' lang='grc' dir='ltr'><strong><em>τῇ</em></strong></span> <span class='ocrx_word' id='word_1_542' title='bbox 396 2693 526 2729; x_wconf 81' lang='grc' dir='ltr'><strong><em>αἰσχίστῃ,</em></strong></span> <span class='ocrx_word' id='word_1_543' title='bbox 545 2690 579 2723; x_wconf 85' lang='grc' dir='ltr'><strong><em>ὦς</em></strong></span> <span class='ocrx_word' id='word_1_544' title='bbox 597 2690 610 2720; x_wconf 74' lang='grc' dir='ltr'>ὁ</span> <span class='ocrx_word' id='word_1_545' title='bbox 629 2691 707 2730; x_wconf 80' lang='grc' dir='ltr'><strong><em>λόγος</em></strong></span> <span class='ocrx_word' id='word_1_546' title='bbox 725 2704 776 2720; x_wconf 88' lang='grc' dir='ltr'><strong><em>σου</em></strong></span> <span class='ocrx_word' id='word_1_547' title='bbox 793 2695 932 2730; x_wconf 73' lang='grc' dir='ltr'><strong><em>κατηγορεῖ</em></strong></span> <span class='ocrx_word' id='word_1_548' title='bbox 948 2692 990 2720; x_wconf 78' lang='grc' dir='ltr'><strong><em>καὶ</em></strong></span> <span class='ocrx_word' id='word_1_549' title='bbox 1009 2691 1042 2719; x_wconf 80' lang='grc' dir='ltr'><strong><em>σὺ</em></strong></span> 
     </span>
    </p>
   </div>
   <div class='ocr_carea' id='block_1_10' title="bbox 246 1723 484 1755">
    <p class='ocr_par' dir='ltr' id='par_1_10' title="bbox 246 1723 484 1755">
     <span class='ocr_line' id='line_1_65' title="bbox 246 1723 484 1755; baseline -0.004 -5"><span class='ocrx_word' id='word_1_550' title='bbox 246 1725 354 1750; x_wconf 81' lang='grc' dir='ltr'><strong><em>οἶεσθαι</em></strong></span> <span class='ocrx_word' id='word_1_551' title='bbox 380 1723 484 1755; x_wconf 81' lang='grc' dir='ltr'><strong><em>ειδεναι;</em></strong></span> 
     </span>
    </p>
   </div>
   <div class='ocr_carea' id='block_1_11' title="bbox 1064 247 1068 827">
    <p class='ocr_par' dir='ltr' id='par_1_11' title="bbox 1064 247 1068 827">
     <span class='ocr_line' id='line_1_66' title="bbox 1064 247 1068 827; baseline 0 0"><span class='ocrx_word' id='word_1_552' title='bbox 1064 247 1068 827; x_wconf 95' lang='lat' dir='ltr'><strong><em> </em></strong></span> 
     </span>
    </p>
   </div>
   <div class='ocr_carea' id='block_1_12' title="bbox 1057 248 1062 1132">
    <p class='ocr_par' dir='ltr' id='par_1_12' title="bbox 1057 248 1062 1132">
     <span class='ocr_line' id='line_1_67' title="bbox 1057 248 1062 1132; baseline 0 0"><span class='ocrx_word' id='word_1_553' title='bbox 1057 248 1062 1132; x_wconf 95' lang='lat' dir='ltr'><strong><em> </em></strong></span> 
     </span>
    </p>
   </div>
   <div class='ocr_carea' id='block_1_13' title="bbox 1069 2091 1073 2737">
    <p class='ocr_par' dir='ltr' id='par_1_13' title="bbox 1069 2091 1073 2737">
     <span class='ocr_line' id='line_1_68' title="bbox 1069 2091 1073 2737; baseline 0 0"><span class='ocrx_word' id='word_1_554' title='bbox 1069 2091 1073 2737; x_wconf 95' lang='lat' dir='ltr'><strong><em> </em></strong></span> 
     </span>
    </p>
   </div>
   <div class='ocr_carea' id='block_1_14' title="bbox 918 170 1211 196">
    <p class='ocr_par' dir='ltr' id='par_1_14' title="bbox 918 170 1211 196">
     <span class='ocr_line' id='line_1_69' title="bbox 918 170 1211 196; baseline 0 0"><span class='ocrx_word' id='word_1_555' title='bbox 918 170 1211 196; x_wconf 79' lang='lat' dir='ltr'>PLATONIS</span> 
     </span>
    </p>
   </div>
   <div class='ocr_carea' id='block_1_15' title="bbox 1087 287 1889 2729">
    <p class='ocr_par' dir='ltr' id='par_1_15' title="bbox 1087 287 1889 2729">
     <span class='ocr_line' id='line_1_70' title="bbox 1088 287 1879 326; baseline -0.001 -9"><span class='ocrx_word' id='word_1_556' title='bbox 1088 289 1270 324; x_wconf 82' lang='grc' dir='ltr'><strong><em>παιδευθῆναι.</em></strong></span> <span class='ocrx_word' id='word_1_557' title='bbox 1297 292 1437 322; x_wconf 77' lang='grc' dir='ltr'><strong><em>πέπονθας</em></strong></span> <span class='ocrx_word' id='word_1_558' title='bbox 1459 293 1485 320; x_wconf 85' lang='grc' dir='ltr'><strong><em>δὲ</em></strong></span> <span class='ocrx_word' id='word_1_559' title='bbox 1503 291 1581 320; x_wconf 76' lang='grc' dir='ltr'><strong><em>τοῦτο</em></strong></span> <span class='ocrx_word' id='word_1_560' title='bbox 1601 288 1631 318; x_wconf 82' lang='grc' dir='ltr'><strong><em>οὐ</em></strong></span> <span class='ocrx_word' id='word_1_561' title='bbox 1651 290 1683 318; x_wconf 78' lang='grc' dir='ltr'><strong><em>σὺ</em></strong></span> <span class='ocrx_word' id='word_1_562' title='bbox 1701 288 1792 326; x_wconf 81' lang='grc' dir='ltr'><strong><em>μόνος,</em></strong></span> <span class='ocrx_word' id='word_1_563' title='bbox 1815 287 1879 316; x_wconf 70' lang='grc' dir='ltr'><strong><em>ἄλλα</em></strong></span> 
     </span>
     <span class='ocr_line' id='line_1_71' title="bbox 1087 330 1880 370; baseline -0.003 -10"><span class='ocrx_word' id='word_1_564' title='bbox 1087 344 1130 360; x_wconf 89' lang='grc' dir='ltr'><strong><em>και</em></strong></span> <span class='ocrx_word' id='word_1_565' title='bbox 1153 333 1179 360; x_wconf 82' lang='grc' dir='ltr'><strong><em>οἱ</em></strong></span> <span class='ocrx_word' id='word_1_566' title='bbox 1200 332 1293 360; x_wconf 87' lang='grc' dir='ltr'><strong><em>πολλοι</em></strong></span> <span class='ocrx_word' id='word_1_567' title='bbox 1314 332 1364 360; x_wconf 77' lang='grc' dir='ltr'><strong><em>τῶν</em></strong></span> <span class='ocrx_word' id='word_1_568' title='bbox 1384 333 1550 370; x_wconf 74' lang='grc' dir='ltr'><strong><em>πραττόντων</em></strong></span> <span class='ocrx_word' id='word_1_569' title='bbox 1571 332 1604 361; x_wconf 80' lang='grc' dir='ltr'><strong><em>τὰ</em></strong></span> <span class='ocrx_word' id='word_1_570' title='bbox 1627 332 1696 367; x_wconf 80' lang='grc' dir='ltr'><strong><em>τῆςδε</em></strong></span> <span class='ocrx_word' id='word_1_571' title='bbox 1714 331 1758 366; x_wconf 83' lang='grc' dir='ltr'><strong><em>τῆς</em></strong></span> <span class='ocrx_word' id='word_1_572' title='bbox 1775 330 1880 363; x_wconf 83' lang='grc' dir='ltr'><strong><em>πόλεως,</em></strong></span> 
     </span>
     <span class='ocr_line' id='line_1_72' title="bbox 1087 371 1878 423; baseline 0 -23"><span class='ocrx_word' id='word_1_573' title='bbox 1087 374 1152 408; x_wconf 83' lang='grc' dir='ltr'><strong><em>πλὴν</em></strong></span> <span class='ocrx_word' id='word_1_574' title='bbox 1175 371 1266 411; x_wconf 87' lang='grc' dir='ltr'><strong><em>ολίγων</em></strong></span> <span class='ocrx_word' id='word_1_575' title='bbox 1287 385 1316 411; x_wconf 88' lang='grc' dir='ltr'><strong><em>γε</em></strong></span> <span class='ocrx_word' id='word_1_576' title='bbox 1338 376 1382 402; x_wconf 81' lang='grc' dir='ltr'><strong><em>καὶ</em></strong></span> <span class='ocrx_word' id='word_1_577' title='bbox 1403 378 1464 406; x_wconf 81' lang='grc' dir='ltr'><strong><em>ἶσως</em></strong></span> <span class='ocrx_word' id='word_1_578' title='bbox 1483 382 1486 396; x_wconf 99' lang='lat'><strong>¹</strong></span> <span class='ocrx_word' id='word_1_579' title='bbox 1505 375 1552 404; x_wconf 72' lang='grc' dir='ltr'><strong><em>τοῦ</em></strong></span> <span class='ocrx_word' id='word_1_580' title='bbox 1571 374 1620 403; x_wconf 83' lang='grc' dir='ltr'><strong>σοῦ</strong></span> <span class='ocrx_word' id='word_1_581' title='bbox 1638 372 1780 423; x_wconf 74' lang='grc' dir='ltr'><strong><em>επιτρόπου</em></strong></span> <span class='ocrx_word' id='word_1_582' title='bbox 1797 379 1878 410; x_wconf 85' lang='grc' dir='ltr'><strong><em>Περι-</em></strong></span> 
     </span>
     <span class='ocr_line' id='line_1_73' title="bbox 1087 414 1881 455; baseline -0.001 -12"><span class='ocrx_word' id='word_1_583' title='bbox 1087 418 1181 446; x_wconf 75' lang='grc' dir='ltr'><strong><em>κλέους.</em></strong></span> <span class='ocrx_word' id='word_1_584' title='bbox 1225 421 1291 442; x_wconf 78' lang='lat' dir='ltr'>xlv.</span> <span class='ocrx_word' id='word_1_585' title='bbox 1310 420 1362 444; x_wconf 86' lang='lat' dir='ltr'><strong><em>AA.</em></strong></span> <span class='ocrx_word' id='word_1_586' title='bbox 1381 419 1491 454; x_wconf 71' lang='grc' dir='ltr'><strong><em>Λέγεταί</em></strong></span> <span class='ocrx_word' id='word_1_587' title='bbox 1506 420 1536 455; x_wconf 79' lang='grc' dir='ltr'><strong><em>γέ</em></strong></span> <span class='ocrx_word' id='word_1_588' title='bbox 1552 429 1604 449; x_wconf 87' lang='grc' dir='ltr'><strong><em>τοι,</em></strong></span> <span class='ocrx_word' id='word_1_589' title='bbox 1628 417 1647 443; x_wconf 78' lang='grc' dir='ltr'><em>ὦ</em></span> <span class='ocrx_word' id='word_1_590' title='bbox 1665 414 1812 452; x_wconf 79' lang='grc' dir='ltr'><strong><em>Σώκρατες,</em></strong></span> <span class='ocrx_word' id='word_1_591' title='bbox 1836 427 1881 442; x_wconf 86' lang='grc' dir='ltr'><strong><em>ουκ</em></strong></span> 
     </span>
     <span class='ocr_line' id='line_1_74' title="bbox 1090 456 1882 496; baseline 0 -12"><span class='ocrx_word' id='word_1_592' title='bbox 1090 456 1142 485; x_wconf 75' lang='grc' dir='ltr'><strong><em>ἀπὸ</em></strong></span> <span class='ocrx_word' id='word_1_593' title='bbox 1165 469 1331 494; x_wconf 86' lang='grc' dir='ltr'><strong><em>ταυτοματου</em></strong></span> <span class='ocrx_word' id='word_1_594' title='bbox 1353 458 1438 494; x_wconf 81' lang='grc' dir='ltr'><strong><em>σοφὸς</em></strong></span> <span class='ocrx_word' id='word_1_595' title='bbox 1457 461 1601 496; x_wconf 83' lang='grc' dir='ltr'><strong><em>γεγονέναι,</em></strong></span> <span class='ocrx_word' id='word_1_596' title='bbox 1631 456 1694 485; x_wconf 70' lang='grc' dir='ltr'><strong><em>ἀλλὰ</em></strong></span> <span class='ocrx_word' id='word_1_597' title='bbox 1716 459 1822 487; x_wconf 78' lang='grc' dir='ltr'><strong><em>πολλοῖς</em></strong></span> <span class='ocrx_word' id='word_1_598' title='bbox 1839 469 1882 484; x_wconf 87' lang='grc' dir='ltr'><strong><em>και</em></strong></span> 
     </span>
     <span class='ocr_line' id='line_1_75' title="bbox 1089 497 1880 537; baseline 0 -11"><span class='ocrx_word' id='word_1_599' title='bbox 1089 502 1184 535; x_wconf 80' lang='grc' dir='ltr'><strong><em>σοφοῖς</em></strong></span> <span class='ocrx_word' id='word_1_600' title='bbox 1206 501 1398 537; x_wconf 78' lang='grc' dir='ltr'><strong><em>συγγεγονέναι,</em></strong></span> <span class='ocrx_word' id='word_1_601' title='bbox 1421 501 1463 528; x_wconf 78' lang='grc' dir='ltr'><strong><em>καὶ</em></strong></span> <span class='ocrx_word' id='word_1_602' title='bbox 1484 501 1654 537; x_wconf 78' lang='grc' dir='ltr'><strong><em>Πυθοκλείδῃ</em></strong></span> <span class='ocrx_word' id='word_1_603' title='bbox 1676 512 1719 527; x_wconf 87' lang='grc' dir='ltr'><strong><em>και</em></strong></span> <span class='ocrx_word' id='word_1_604' title='bbox 1737 497 1880 536; x_wconf 78' lang='grc' dir='ltr'><strong><em>Ἀναξαγό-</em></strong></span> 
     </span>
     <span class='ocr_line' id='line_1_76' title="bbox 1088 538 1880 579; baseline -0.001 -11"><span class='ocrx_word' id='word_1_605' title='bbox 1088 551 1131 578; x_wconf 80' lang='grc' dir='ltr'><strong><em>ρα·</em></strong></span> <span class='ocrx_word' id='word_1_606' title='bbox 1159 541 1202 568; x_wconf 79' lang='grc' dir='ltr'><strong><em>καὶ</em></strong></span> <span class='ocrx_word' id='word_1_607' title='bbox 1224 540 1269 568; x_wconf 77' lang='grc' dir='ltr'><strong><em>νῦν</em></strong></span> <span class='ocrx_word' id='word_1_608' title='bbox 1291 542 1326 568; x_wconf 78' lang='grc' dir='ltr'><strong><em>ἔτι</em></strong></span> <span class='ocrx_word' id='word_1_609' title='bbox 1347 543 1494 576; x_wconf 79' lang='grc' dir='ltr'><strong><em>τηλικοῦτος</em></strong></span> <span class='ocrx_word' id='word_1_610' title='bbox 1516 555 1550 570; x_wconf 89' lang='grc' dir='ltr'><strong><em>ων</em></strong></span> <span class='ocrx_word' id='word_1_611' title='bbox 1570 541 1674 579; x_wconf 77' lang='grc' dir='ltr'><strong><em>Δάμωνι</em></strong></span> <span class='ocrx_word' id='word_1_612' title='bbox 1696 541 1812 573; x_wconf 79' lang='grc' dir='ltr'><strong><em>ξυνεστιν</em></strong></span> <span class='ocrx_word' id='word_1_613' title='bbox 1834 538 1880 568; x_wconf 79' lang='grc' dir='ltr'><strong><em>αὖ-</em></strong></span> 
     </span>
     <span class='ocr_line' id='line_1_77' title="bbox 1089 581 1880 619; baseline 0 -9"><span class='ocrx_word' id='word_1_614' title='bbox 1089 583 1135 610; x_wconf 83' lang='grc' dir='ltr'><strong>τοῦ</strong></span> <span class='ocrx_word' id='word_1_615' title='bbox 1158 594 1252 611; x_wconf 86' lang='grc' dir='ltr'><strong><em>τουτου</em></strong></span> <span class='ocrx_word' id='word_1_616' title='bbox 1274 583 1352 611; x_wconf 70' lang='grc' dir='ltr'><strong><em>ἕνεκα.</em></strong></span> <span class='ocrx_word' id='word_1_617' title='bbox 1396 589 1452 612; x_wconf 88' lang='grc' dir='ltr'>ΣΩ.</span> <span class='ocrx_word' id='word_1_618' title='bbox 1472 586 1503 612; x_wconf 90' lang='grc' dir='ltr'><strong><em>Τί</em></strong></span> <span class='ocrx_word' id='word_1_619' title='bbox 1524 596 1582 617; x_wconf 81' lang='grc' dir='ltr'><strong><em>ουν,·</em></strong></span> <span class='ocrx_word' id='word_1_620' title='bbox 1608 583 1655 619; x_wconf 78' lang='grc' dir='ltr'><strong><em>ἤδη</em></strong></span> <span class='ocrx_word' id='word_1_621' title='bbox 1677 583 1733 611; x_wconf 81' lang='grc' dir='ltr'><strong><em>τινὰ</em></strong></span> <span class='ocrx_word' id='word_1_622' title='bbox 1751 581 1814 613; x_wconf 80' lang='grc' dir='ltr'><strong><em>εἶδες</em></strong></span> <span class='ocrx_word' id='word_1_623' title='bbox 1833 594 1880 610; x_wconf 89' lang='grc' dir='ltr'><strong><em>σο-</em></strong></span> 
     </span>
     <span class='ocr_line' id='line_1_78' title="bbox 1088 623 1882 673; baseline -0.003 -20"><span class='ocrx_word' id='word_1_624' title='bbox 1088 624 1140 661; x_wconf 80' lang='grc' dir='ltr'><strong><em>φὺν</em></strong></span> <span class='ocrx_word' id='word_1_625' title='bbox 1161 623 1249 653; x_wconf 80' lang='grc' dir='ltr'><strong><em>οτιοῧν</em></strong></span> <span class='ocrx_word' id='word_1_626' title='bbox 1272 623 1448 653; x_wconf 81' lang='grc' dir='ltr'><strong><em>αδυνατοῦντα</em></strong></span> <span class='ocrx_word' id='word_1_627' title='bbox 1469 626 1578 661; x_wconf 83' lang='grc' dir='ltr'><strong><em>ποιῆσαι</em></strong></span> <span class='ocrx_word' id='word_1_628' title='bbox 1605 624 1683 654; x_wconf 90' lang='grc' dir='ltr'><strong><em>αλλον</em></strong></span> <span class='ocrx_word' id='word_1_629' title='bbox 1709 624 1795 661; x_wconf 87' lang='grc' dir='ltr'><strong><em>σοφὸν</em></strong></span> <span class='ocrx_word' id='word_1_630' title='bbox 1817 623 1882 673; x_wconf 51' lang='grc' dir='ltr'><strong><em>ἅπεῗρ</em></strong></span> 
     </span>
     <span class='ocr_line' id='line_1_79' title="bbox 1090 665 1884 719; baseline -0.001 -25"><span class='ocrx_word' id='word_1_631' title='bbox 1090 665 1180 700; x_wconf 79' lang='grc' dir='ltr'><strong><em>αὐτός;</em></strong></span> <span class='ocrx_word' id='word_1_632' title='bbox 1208 665 1290 719; x_wconf 78' lang='grc' dir='ltr'><strong><em>ω’ςπερ</em></strong></span> <span class='ocrx_word' id='word_1_633' title='bbox 1313 666 1341 698; x_wconf 82' lang='grc' dir='ltr'><strong><em>ὅς</em></strong></span> <span class='ocrx_word' id='word_1_634' title='bbox 1363 679 1393 695; x_wconf 87' lang='grc' dir='ltr'><strong><em>σε</em></strong></span> <span class='ocrx_word' id='word_1_635' title='bbox 1416 668 1513 700; x_wconf 82' lang='grc' dir='ltr'><strong><em>ἐδίδαξε</em></strong></span> <span class='ocrx_word' id='word_1_636' title='bbox 1534 667 1687 717; x_wconf 63' lang='grc' dir='ltr'><strong><em>γράμματα,</em></strong></span> <span class='ocrx_word' id='word_1_637' title='bbox 1710 665 1788 698; x_wconf 79' lang='grc' dir='ltr'><strong><em>αὐτός</em></strong></span> <span class='ocrx_word' id='word_1_638' title='bbox 1810 678 1836 694; x_wconf 84' lang='grc' dir='ltr'><strong><em>τε</em></strong></span> <span class='ocrx_word' id='word_1_639' title='bbox 1853 666 1884 701; x_wconf 83' lang='grc' dir='ltr'><strong><em>ἠν</em></strong></span> 
     </span>
     <span class='ocr_line' id='line_1_80' title="bbox 1089 708 1882 746; baseline -0.001 -9"><span class='ocrx_word' id='word_1_640' title='bbox 1089 709 1174 745; x_wconf 84' lang='grc' dir='ltr'><strong><em>σοφὸς</em></strong></span> <span class='ocrx_word' id='word_1_641' title='bbox 1194 710 1238 737; x_wconf 80' lang='grc' dir='ltr'><strong><em>καὶ</em></strong></span> <span class='ocrx_word' id='word_1_642' title='bbox 1261 711 1290 737; x_wconf 80' lang='grc' dir='ltr'><strong><em>σὲ</em></strong></span> <span class='ocrx_word' id='word_1_643' title='bbox 1313 711 1418 744; x_wconf 80' lang='grc' dir='ltr'><strong><em>ἐποίησε</em></strong></span> <span class='ocrx_word' id='word_1_644' title='bbox 1436 710 1486 738; x_wconf 73' lang='grc' dir='ltr'><strong><em>τῶν</em></strong></span> <span class='ocrx_word' id='word_1_645' title='bbox 1504 721 1530 737; x_wconf 88' lang='grc' dir='ltr'><strong><em>τε</em></strong></span> <span class='ocrx_word' id='word_1_646' title='bbox 1550 708 1631 737; x_wconf 65' lang='grc' dir='ltr'><strong><em>ἄλλων</em></strong></span> <span class='ocrx_word' id='word_1_647' title='bbox 1649 709 1737 738; x_wconf 82' lang='grc' dir='ltr'><strong><em>ὅντινα</em></strong></span> <span class='ocrx_word' id='word_1_648' title='bbox 1756 708 1882 746; x_wconf 78' lang='grc' dir='ltr'><strong><em>ἐβουλετο.</em></strong></span> 
     </span>
     <span class='ocr_line' id='line_1_81' title="bbox 1088 749 1882 789; baseline -0.001 -10.997"><span class='ocrx_word' id='word_1_649' title='bbox 1088 752 1103 786; x_wconf 79' lang='grc' dir='ltr'><em>ἠ</em></span> <span class='ocrx_word' id='word_1_650' title='bbox 1119 750 1184 789; x_wconf 58' lang='lat' dir='ltr'><strong><em>reign,-</em></strong></span> <span class='ocrx_word' id='word_1_651' title='bbox 1227 755 1279 779; x_wconf 86' lang='lat' dir='ltr'><strong><em>AA</em></strong></span> <span class='ocrx_word' id='word_1_652' title='bbox 1300 753 1362 779; x_wconf 89' lang='grc' dir='ltr'><strong><em>Ναί.</em></strong></span> <span class='ocrx_word' id='word_1_653' title='bbox 1382 758 1386 772; x_wconf 85' lang='lat'><strong><em>¹</em></strong></span> <span class='ocrx_word' id='word_1_654' title='bbox 1405 757 1461 779; x_wconf 90' lang='grc' dir='ltr'><strong><em>ΣΩ.</em></strong></span> <span class='ocrx_word' id='word_1_655' title='bbox 1482 750 1580 780; x_wconf 81' lang='grc' dir='ltr'><strong><em>Ουκοῦν</em></strong></span> <span class='ocrx_word' id='word_1_656' title='bbox 1597 752 1641 779; x_wconf 83' lang='grc' dir='ltr'><strong><em>καὶ</em></strong></span> <span class='ocrx_word' id='word_1_657' title='bbox 1658 763 1691 780; x_wconf 80' lang='grc' dir='ltr'><strong><em>συ</em></strong></span> <span class='ocrx_word' id='word_1_658' title='bbox 1709 763 1724 780; x_wconf 89' lang='grc' dir='ltr'><strong><em>ο</em></strong></span> <span class='ocrx_word' id='word_1_659' title='bbox 1741 749 1802 788; x_wconf 53' lang='grc' dir='ltr'><strong><em>παρ)</em></strong></span> <span class='ocrx_word' id='word_1_660' title='bbox 1820 751 1882 778; x_wconf 77' lang='grc' dir='ltr'><strong><em>ἐκεί-</em></strong></span> 
     </span>
     <span class='ocr_line' id='line_1_82' title="bbox 1090 791 1885 830; baseline -0.003 -9"><span class='ocrx_word' id='word_1_661' title='bbox 1090 805 1135 821; x_wconf 89' lang='grc' dir='ltr'><strong><em>νου</em></strong></span> <span class='ocrx_word' id='word_1_662' title='bbox 1151 792 1250 830; x_wconf 77' lang='grc' dir='ltr'><strong><em>μαθὼν</em></strong></span> <span class='ocrx_word' id='word_1_663' title='bbox 1269 792 1346 821; x_wconf 71' lang='grc' dir='ltr'><strong><em>ἄλλον</em></strong></span> <span class='ocrx_word' id='word_1_664' title='bbox 1364 791 1420 825; x_wconf 76' lang='grc' dir='ltr'><strong><em>οἷός</em></strong></span> <span class='ocrx_word' id='word_1_665' title='bbox 1437 805 1463 822; x_wconf 81' lang='grc' dir='ltr'><strong><em>τε</em></strong></span> <span class='ocrx_word' id='word_1_666' title='bbox 1482 795 1547 827; x_wconf 72' lang='grc' dir='ltr'><strong><em>ἔσεις</em></strong></span> <span class='ocrx_word' id='word_1_667' title='bbox 1582 798 1635 822; x_wconf 87' lang='lat' dir='ltr'><strong><em>AA.</em></strong></span> <span class='ocrx_word' id='word_1_668' title='bbox 1656 795 1718 821; x_wconf 88' lang='grc' dir='ltr'><strong><em>Ναί.</em></strong></span> <span class='ocrx_word' id='word_1_669' title='bbox 1758 798 1814 820; x_wconf 88' lang='grc' dir='ltr'><strong><em>ΣΩ.</em></strong></span> <span class='ocrx_word' id='word_1_670' title='bbox 1829 792 1885 820; x_wconf 72' lang='grc' dir='ltr'><strong><em>Καὶ</em></strong></span> 
     </span>
     <span class='ocr_line' id='line_1_83' title="bbox 1090 833 1882 884; baseline -0.001 -21"><span class='ocrx_word' id='word_1_671' title='bbox 1090 834 1103 863; x_wconf 80' lang='grc' dir='ltr'>ὅ</span> <span class='ocrx_word' id='word_1_672' title='bbox 1120 834 1276 872; x_wconf 86' lang='grc' dir='ltr'><strong><em>κιθαριστὴς</em></strong></span> <span class='ocrx_word' id='word_1_673' title='bbox 1291 836 1317 863; x_wconf 83' lang='grc' dir='ltr'><strong><em>δὲ</em></strong></span> <span class='ocrx_word' id='word_1_674' title='bbox 1332 836 1375 863; x_wconf 80' lang='grc' dir='ltr'><strong><em>καῖ</em></strong></span> <span class='ocrx_word' id='word_1_675' title='bbox 1390 834 1404 864; x_wconf 81' lang='grc' dir='ltr'>ὁ</span> <span class='ocrx_word' id='word_1_676' title='bbox 1419 836 1586 884; x_wconf 77' lang='grc' dir='ltr'><strong><em>παιδοτρίβης</em></strong></span> <span class='ocrx_word' id='word_1_677' title='bbox 1601 833 1730 868; x_wconf 71' lang='grc' dir='ltr'><strong><em>ὦςαύτωςς</em></strong></span> <span class='ocrx_word' id='word_1_678' title='bbox 1753 840 1806 862; x_wconf 86' lang='grc' dir='ltr'>ΑΛ.</span> <span class='ocrx_word' id='word_1_679' title='bbox 1820 833 1882 862; x_wconf 77' lang='grc' dir='ltr'><strong><em>Πά-</em></strong></span> 
     </span>
     <span class='ocr_line' id='line_1_84' title="bbox 1089 875 1885 916; baseline -0.001 -11"><span class='ocrx_word' id='word_1_680' title='bbox 1089 889 1119 905; x_wconf 77' lang='grc' dir='ltr'><strong><em>νυ</em></strong></span> <span class='ocrx_word' id='word_1_681' title='bbox 1139 889 1176 915; x_wconf 88' lang='grc' dir='ltr'><strong><em>γε.</em></strong></span> <span class='ocrx_word' id='word_1_682' title='bbox 1220 882 1275 905; x_wconf 91' lang='grc' dir='ltr'>ΣΩ.</span> <span class='ocrx_word' id='word_1_683' title='bbox 1293 877 1385 905; x_wconf 83' lang='grc' dir='ltr'><strong><em>Καλὸν</em></strong></span> <span class='ocrx_word' id='word_1_684' title='bbox 1406 878 1457 916; x_wconf 79' lang='grc' dir='ltr'><strong><em>γὰρ</em></strong></span> <span class='ocrx_word' id='word_1_685' title='bbox 1480 877 1564 913; x_wconf 85' lang='grc' dir='ltr'><strong><em>δήπου</em></strong></span> <span class='ocrx_word' id='word_1_686' title='bbox 1586 877 1664 906; x_wconf 78' lang='grc' dir='ltr'><strong><em>τοῦτο</em></strong></span> <span class='ocrx_word' id='word_1_687' title='bbox 1683 876 1817 914; x_wconf 87' lang='grc' dir='ltr'><strong><em>τεκμήριον</em></strong></span> <span class='ocrx_word' id='word_1_688' title='bbox 1834 875 1885 904; x_wconf 86' lang='grc' dir='ltr'><strong><em>τῶν</em></strong></span> 
     </span>
     <span class='ocr_line' id='line_1_85' title="bbox 1090 917 1882 956; baseline 0 -10"><span class='ocrx_word' id='word_1_689' title='bbox 1090 921 1264 956; x_wconf 79' lang='grc' dir='ltr'><strong><em>ἐπισταμένων</em></strong></span> <span class='ocrx_word' id='word_1_690' title='bbox 1282 918 1380 951; x_wconf 69' lang='grc' dir='ltr'><strong><em>ὁτιοῦν,</em></strong></span> <span class='ocrx_word' id='word_1_691' title='bbox 1405 919 1444 948; x_wconf 82' lang='grc' dir='ltr'><strong><em>ὅτι</em></strong></span> <span class='ocrx_word' id='word_1_692' title='bbox 1463 921 1624 951; x_wconf 82' lang='grc' dir='ltr'><strong><em>ἐπίστανται,</em></strong></span> <span class='ocrx_word' id='word_1_693' title='bbox 1648 918 1751 947; x_wconf 82' lang='grc' dir='ltr'><strong><em>ἐπειδὰν</em></strong></span> <span class='ocrx_word' id='word_1_694' title='bbox 1771 919 1814 946; x_wconf 83' lang='grc' dir='ltr'><strong><em>καὶ</em></strong></span> <span class='ocrx_word' id='word_1_695' title='bbox 1837 917 1882 946; x_wconf 73' lang='grc' dir='ltr'><strong><em>ἅλ-</em></strong></span> 
     </span>
     <span class='ocr_line' id='line_1_86' title="bbox 1089 959 1884 999; baseline -0.001 -10"><span class='ocrx_word' id='word_1_696' title='bbox 1089 963 1135 989; x_wconf 92' lang='grc' dir='ltr'><strong><em>λον</em></strong></span> <span class='ocrx_word' id='word_1_697' title='bbox 1153 963 1205 989; x_wconf 82' lang='grc' dir='ltr'><strong><em>οἱοί</em></strong></span> <span class='ocrx_word' id='word_1_698' title='bbox 1221 973 1249 989; x_wconf 90' lang='grc' dir='ltr'><strong><em>τε</em></strong></span> <span class='ocrx_word' id='word_1_699' title='bbox 1266 962 1329 990; x_wconf 80' lang='grc' dir='ltr'><strong><em>ὦσιν</em></strong></span> <span class='ocrx_word' id='word_1_700' title='bbox 1347 962 1484 994; x_wconf 81' lang='grc' dir='ltr'><strong><em>αποδειξαι</em></strong></span> <span class='ocrx_word' id='word_1_701' title='bbox 1502 960 1679 999; x_wconf 69' lang='grc' dir='ltr'><strong><em>ἐπιστάμενον</em></strong></span> <span class='ocrx_word' id='word_1_702' title='bbox 1715 965 1767 989; x_wconf 86' lang='grc' dir='ltr'>ΑΛ.</span> <span class='ocrx_word' id='word_1_703' title='bbox 1782 959 1884 998; x_wconf 64' lang='grc' dir='ltr'><strong><em>Ἔμοιγε</em></strong></span> 
     </span>
     <span class='ocr_line' id='line_1_87' title="bbox 1090 1003 1882 1041; baseline -0.001 -10"><span class='ocrx_word' id='word_1_704' title='bbox 1090 1004 1166 1031; x_wconf 80' lang='grc' dir='ltr'><strong><em>δοκεῖ.</em></strong></span> <span class='ocrx_word' id='word_1_705' title='bbox 1206 1009 1261 1032; x_wconf 88' lang='grc' dir='ltr'><strong><em>ΣΩ.</em></strong></span> <span class='ocrx_word' id='word_1_706' title='bbox 1281 1005 1313 1031; x_wconf 93' lang='grc' dir='ltr'><strong><em>Τί</em></strong></span> <span class='ocrx_word' id='word_1_707' title='bbox 1330 1016 1388 1038; x_wconf 68' lang='lat' dir='ltr'><em>nvn,-</em></span> <span class='ocrx_word' id='word_1_708' title='bbox 1407 1005 1470 1040; x_wconf 69' lang='grc' dir='ltr'><strong><em>ἔχεις</em></strong></span> <span class='ocrx_word' id='word_1_709' title='bbox 1487 1004 1575 1036; x_wconf 78' lang='grc' dir='ltr'><strong><em>εἰπεῖν,</em></strong></span> <span class='ocrx_word' id='word_1_710' title='bbox 1594 1003 1720 1041; x_wconf 81' lang='grc' dir='ltr'><strong><em>Περικλῆς</em></strong></span> <span class='ocrx_word' id='word_1_711' title='bbox 1736 1004 1792 1031; x_wconf 89' lang='grc' dir='ltr'><strong><em>τίνα</em></strong></span> <span class='ocrx_word' id='word_1_712' title='bbox 1811 1003 1882 1031; x_wconf 78' lang='grc' dir='ltr'><strong><em>ἐποί-</em></strong></span> 
     </span>
     <span class='ocr_line' id='line_1_88' title="bbox 1090 1042 1884 1083; baseline -0.003 -10"><span class='ocrx_word' id='word_1_713' title='bbox 1090 1058 1135 1080; x_wconf 86' lang='grc' dir='ltr'><strong><em>ησε</em></strong></span> <span class='ocrx_word' id='word_1_714' title='bbox 1155 1058 1248 1082; x_wconf 84' lang='grc' dir='ltr'><strong><em>σοφον,</em></strong></span> <span class='ocrx_word' id='word_1_715' title='bbox 1267 1043 1320 1074; x_wconf 70' lang='grc' dir='ltr'><strong><em>ἀπὸ</em></strong></span> <span class='ocrx_word' id='word_1_716' title='bbox 1339 1046 1390 1074; x_wconf 81' lang='grc' dir='ltr'><strong><em>τῶν</em></strong></span> <span class='ocrx_word' id='word_1_717' title='bbox 1406 1048 1480 1074; x_wconf 80' lang='grc' dir='ltr'><strong><em>υἱέων</em></strong></span> <span class='ocrx_word' id='word_1_718' title='bbox 1499 1044 1654 1083; x_wconf 68' lang='grc' dir='ltr'><strong><em>ἄρξιίμενοςς</em></strong></span> <span class='ocrx_word' id='word_1_719' title='bbox 1690 1050 1741 1073; x_wconf 87' lang='lat' dir='ltr'><strong><em>AA.</em></strong></span> <span class='ocrx_word' id='word_1_720' title='bbox 1761 1046 1793 1072; x_wconf 91' lang='grc' dir='ltr'><strong><em>Τί</em></strong></span> <span class='ocrx_word' id='word_1_721' title='bbox 1809 1042 1843 1077; x_wconf 83' lang='grc' dir='ltr'><strong><em>δ’,</em></strong></span> <span class='ocrx_word' id='word_1_722' title='bbox 1862 1043 1884 1072; x_wconf 80' lang='grc' dir='ltr'><strong><em>εἶ</em></strong></span> 
     </span>
     <span class='ocr_line' id='line_1_89' title="bbox 1090 1085 1884 1127; baseline -0.001 -12"><span class='ocrx_word' id='word_1_723' title='bbox 1090 1100 1124 1115; x_wconf 90' lang='grc' dir='ltr'><strong><em>τω</em></strong></span> <span class='ocrx_word' id='word_1_724' title='bbox 1142 1090 1298 1125; x_wconf 82' lang='grc' dir='ltr'><strong><em>Περικλέους</em></strong></span> <span class='ocrx_word' id='word_1_725' title='bbox 1317 1089 1367 1116; x_wconf 80' lang='grc' dir='ltr'><strong><em>υἱέε</em></strong></span> <span class='ocrx_word' id='word_1_726' title='bbox 1387 1094 1390 1109; x_wconf 99' lang='lat'><strong><em>¹</em></strong></span> <span class='ocrx_word' id='word_1_727' title='bbox 1409 1087 1503 1124; x_wconf 79' lang='grc' dir='ltr'><strong><em>ἠλιθίω</em></strong></span> <span class='ocrx_word' id='word_1_728' title='bbox 1523 1090 1674 1127; x_wconf 76' lang='grc' dir='ltr'><strong><em>ἐγενέσθην,</em></strong></span> <span class='ocrx_word' id='word_1_729' title='bbox 1697 1099 1717 1115; x_wconf 87' lang='grc' dir='ltr'><strong><em>ω</em></strong></span> <span class='ocrx_word' id='word_1_730' title='bbox 1735 1085 1884 1124; x_wconf 79' lang='grc' dir='ltr'><strong><em>Σώκρατες,-</em></strong></span> 
     </span>
     <span class='ocr_line' id='line_1_90' title="bbox 1090 1126 1885 1171; baseline -0.001 -14"><span class='ocrx_word' id='word_1_731' title='bbox 1090 1136 1145 1171; x_wconf 64' lang='lat' dir='ltr'>Ep..</span> <span class='ocrx_word' id='word_1_732' title='bbox 1162 1128 1237 1158; x_wconf 67' lang='grc' dir='ltr'><strong><em>Ἀλλὰ</em></strong></span> <span class='ocrx_word' id='word_1_733' title='bbox 1256 1132 1375 1159; x_wconf 80' lang='grc' dir='ltr'><strong><em>Κλεινίαν</em></strong></span> <span class='ocrx_word' id='word_1_734' title='bbox 1393 1130 1438 1159; x_wconf 83' lang='grc' dir='ltr'><strong><em>τὸν</em></strong></span> <span class='ocrx_word' id='word_1_735' title='bbox 1457 1130 1506 1159; x_wconf 81' lang='grc' dir='ltr'><strong><em>σὸν</em></strong></span> <span class='ocrx_word' id='word_1_736' title='bbox 1524 1129 1642 1167; x_wconf 81' lang='grc' dir='ltr'><strong><em>αδελφόν.</em></strong></span> <span class='ocrx_word' id='word_1_737' title='bbox 1685 1134 1739 1158; x_wconf 85' lang='lat' dir='ltr'><strong><em>AA.</em></strong></span> <span class='ocrx_word' id='word_1_738' title='bbox 1760 1130 1792 1157; x_wconf 83' lang='lat' dir='ltr'><strong><em>TI</em></strong></span> <span class='ocrx_word' id='word_1_739' title='bbox 1808 1126 1832 1156; x_wconf 91' lang='grc' dir='ltr'><strong><em>δ</em></strong></span> <span class='ocrx_word' id='word_1_740' title='bbox 1854 1127 1885 1156; x_wconf 74' lang='grc' dir='ltr'><strong><em>ἂν</em></strong></span> 
     </span>
     <span class='ocr_line' id='line_1_91' title="bbox 1091 1169 1883 1210; baseline -0.003 -10"><span class='ocrx_word' id='word_1_741' title='bbox 1091 1173 1123 1200; x_wconf 80' lang='grc' dir='ltr'><strong><em>αὐ</em></strong></span> <span class='ocrx_word' id='word_1_742' title='bbox 1138 1174 1257 1200; x_wconf 82' lang='grc' dir='ltr'><strong><em>Κλεινίαν</em></strong></span> <span class='ocrx_word' id='word_1_743' title='bbox 1272 1175 1362 1210; x_wconf 85' lang='grc' dir='ltr'><strong><em>λέγοις,</em></strong></span> <span class='ocrx_word' id='word_1_744' title='bbox 1376 1172 1533 1210; x_wconf 80' lang='grc' dir='ltr'><strong><em>μαινόμενον</em></strong></span> <span class='ocrx_word' id='word_1_745' title='bbox 1549 1172 1706 1209; x_wconf 73' lang='grc' dir='ltr'><strong><em>ἆνθρωπονς</em></strong></span> <span class='ocrx_word' id='word_1_746' title='bbox 1731 1176 1786 1199; x_wconf 86' lang='grc' dir='ltr'><strong><em>ΣΩ.</em></strong></span> <span class='ocrx_word' id='word_1_747' title='bbox 1802 1169 1883 1199; x_wconf 83' lang='grc' dir='ltr'><strong><em>Ἐπει-</em></strong></span> 
     </span>
     <span class='ocr_line' id='line_1_92' title="bbox 1090 1214 1885 1252; baseline -0.001 -11"><span class='ocrx_word' id='word_1_748' title='bbox 1090 1214 1119 1250; x_wconf 81' lang='grc' dir='ltr'><strong><em>δὴ</em></strong></span> <span class='ocrx_word' id='word_1_749' title='bbox 1137 1216 1222 1242; x_wconf 84' lang='grc' dir='ltr'><strong><em>τοίνυν</em></strong></span> <span class='ocrx_word' id='word_1_750' title='bbox 1236 1216 1355 1246; x_wconf 80' lang='grc' dir='ltr'><strong><em>Κλεινίας</em></strong></span> <span class='ocrx_word' id='word_1_751' title='bbox 1372 1217 1418 1252; x_wconf 80' lang='grc' dir='ltr'><strong><em>μὲν</em></strong></span> <span class='ocrx_word' id='word_1_752' title='bbox 1431 1216 1557 1252; x_wconf 79' lang='grc' dir='ltr'><strong><em>μαίνεται,</em></strong></span> <span class='ocrx_word' id='word_1_753' title='bbox 1574 1214 1610 1242; x_wconf 74' lang='grc' dir='ltr'><strong><em>τώ</em></strong></span> <span class='ocrx_word' id='word_1_754' title='bbox 1626 1215 1652 1242; x_wconf 86' lang='grc' dir='ltr'><strong><em>δὲ</em></strong></span> <span class='ocrx_word' id='word_1_755' title='bbox 1666 1215 1821 1251; x_wconf 83' lang='grc' dir='ltr'><strong><em>Περικλέους</em></strong></span> <span class='ocrx_word' id='word_1_756' title='bbox 1834 1214 1885 1241; x_wconf 81' lang='grc' dir='ltr'><strong><em>υἱέε</em></strong></span> 
     </span>
     <span class='ocr_line' id='line_1_93' title="bbox 1088 1254 1885 1294; baseline -0.001 -10"><span class='ocrx_word' id='word_1_757' title='bbox 1088 1254 1183 1291; x_wconf 78' lang='grc' dir='ltr'><strong><em>ἠλιθίω</em></strong></span> <span class='ocrx_word' id='word_1_758' title='bbox 1202 1258 1354 1294; x_wconf 73' lang='grc' dir='ltr'><strong><em>ἐγενέσθην,</em></strong></span> <span class='ocrx_word' id='word_1_759' title='bbox 1374 1258 1417 1286; x_wconf 81' lang='grc' dir='ltr'><strong><em>σοὶ</em></strong></span> <span class='ocrx_word' id='word_1_760' title='bbox 1435 1255 1479 1285; x_wconf 75' lang='grc' dir='ltr'><strong><em>τίν’</em></strong></span> <span class='ocrx_word' id='word_1_761' title='bbox 1497 1257 1582 1285; x_wconf 79' lang='grc' dir='ltr'><strong><em>αἰτίαν</em></strong></span> <span class='ocrx_word' id='word_1_762' title='bbox 1600 1255 1753 1293; x_wconf 75' lang='grc' dir='ltr'><strong><em>ἀναθῶμεν,</em></strong></span> <span class='ocrx_word' id='word_1_763' title='bbox 1773 1254 1837 1284; x_wconf 86' lang='grc' dir='ltr'><strong><em>διότι</em></strong></span> <span class='ocrx_word' id='word_1_764' title='bbox 1856 1266 1885 1283; x_wconf 87' lang='grc' dir='ltr'><strong><em>σε</em></strong></span> 
     </span>
     <span class='ocr_line' id='line_1_94' title="bbox 1090 1295 1885 1337; baseline -0.001 -11"><span class='ocrx_word' id='word_1_765' title='bbox 1090 1297 1172 1329; x_wconf 77' lang='grc' dir='ltr'><strong><em>οὕτως</em></strong></span> <span class='ocrx_word' id='word_1_766' title='bbox 1193 1299 1284 1334; x_wconf 78' lang='grc' dir='ltr'><strong><em>ἔχοντα</em></strong></span> <span class='ocrx_word' id='word_1_767' title='bbox 1307 1300 1428 1337; x_wconf 76' lang='grc' dir='ltr'><strong><em>περιορᾷς</em></strong></span> <span class='ocrx_word' id='word_1_768' title='bbox 1471 1303 1524 1327; x_wconf 88' lang='lat' dir='ltr'><strong><em>AA.</em></strong></span> <span class='ocrx_word' id='word_1_769' title='bbox 1546 1297 1620 1337; x_wconf 81' lang='grc' dir='ltr'><strong><em>Ἐγώ,</em></strong></span> <span class='ocrx_word' id='word_1_770' title='bbox 1644 1296 1728 1335; x_wconf 77' lang='grc' dir='ltr'><strong><em>οἶμαι,</em></strong></span> <span class='ocrx_word' id='word_1_771' title='bbox 1751 1300 1833 1329; x_wconf 82' lang='grc' dir='ltr'><strong><em>αἴτιος</em></strong></span> <span class='ocrx_word' id='word_1_772' title='bbox 1855 1295 1885 1325; x_wconf 82' lang='grc' dir='ltr'><strong><em>οὗ</em></strong></span> 
     </span>
     <span class='ocr_line' id='line_1_95' title="bbox 1089 1337 1884 1378; baseline -0.001 -10"><span class='ocrx_word' id='word_1_773' title='bbox 1089 1343 1220 1378; x_wconf 81' lang='grc' dir='ltr'><strong><em>προςέχων</em></strong></span> <span class='ocrx_word' id='word_1_774' title='bbox 1242 1341 1288 1369; x_wconf 85' lang='grc' dir='ltr'><strong><em>τὸν</em></strong></span> <span class='ocrx_word' id='word_1_775' title='bbox 1309 1341 1377 1369; x_wconf 82' lang='grc' dir='ltr'><strong><em>νοῦν.</em></strong></span> <span class='ocrx_word' id='word_1_776' title='bbox 1421 1347 1477 1369; x_wconf 91' lang='grc' dir='ltr'><strong><em>ΣΩ.</em></strong></span> <span class='ocrx_word' id='word_1_777' title='bbox 1493 1339 1569 1369; x_wconf 66' lang='lat' dir='ltr'>&#39;And</span> <span class='ocrx_word' id='word_1_778' title='bbox 1591 1341 1642 1369; x_wconf 81' lang='grc' dir='ltr'><strong><em>τῶν</em></strong></span> <span class='ocrx_word' id='word_1_779' title='bbox 1664 1339 1747 1368; x_wconf 75' lang='grc' dir='ltr'><strong><em>ἄλλων</em></strong></span> <span class='ocrx_word' id='word_1_780' title='bbox 1767 1343 1782 1358; x_wconf 71' lang='grc'>*</span> <span class='ocrx_word' id='word_1_781' title='bbox 1800 1337 1884 1374; x_wconf 71' lang='grc' dir='ltr'><strong><em>Ἀθη-</em></strong></span> 
     </span>
     <span class='ocr_line' id='line_1_96' title="bbox 1090 1381 1884 1420; baseline -0.001 -10"><span class='ocrx_word' id='word_1_782' title='bbox 1090 1384 1168 1410; x_wconf 83' lang='grc' dir='ltr'><strong><em>ναίων</em></strong></span> <span class='ocrx_word' id='word_1_783' title='bbox 1183 1381 1199 1418; x_wconf 83' lang='grc' dir='ltr'><em>ἢ</em></span> <span class='ocrx_word' id='word_1_784' title='bbox 1217 1383 1267 1411; x_wconf 75' lang='grc' dir='ltr'><strong><em>τῶν</em></strong></span> <span class='ocrx_word' id='word_1_785' title='bbox 1285 1385 1362 1415; x_wconf 76' lang='grc' dir='ltr'><strong><em>ξένων</em></strong></span> <span class='ocrx_word' id='word_1_786' title='bbox 1380 1383 1473 1412; x_wconf 73' lang='grc' dir='ltr'><strong><em>δοῦλον</em></strong></span> <span class='ocrx_word' id='word_1_787' title='bbox 1488 1382 1504 1418; x_wconf 84' lang='grc' dir='ltr'><em>ἢ</em></span> <span class='ocrx_word' id='word_1_788' title='bbox 1524 1382 1662 1420; x_wconf 76' lang='grc' dir='ltr'><strong><em>ἐλεύθερον</em></strong></span> <span class='ocrx_word' id='word_1_789' title='bbox 1679 1382 1742 1415; x_wconf 83' lang='grc' dir='ltr'><strong><em>εἶπέ,</em></strong></span> <span class='ocrx_word' id='word_1_790' title='bbox 1762 1381 1828 1413; x_wconf 74' lang='grc' dir='ltr'><strong><em>ὅςτις</em></strong></span> <span class='ocrx_word' id='word_1_791' title='bbox 1843 1381 1884 1409; x_wconf 84' lang='grc' dir='ltr'><strong><em>αἶ-</em></strong></span> 
     </span>
     <span class='ocr_line' id='line_1_97' title="bbox 1089 1423 1884 1463; baseline -0.001 -11"><span class='ocrx_word' id='word_1_792' title='bbox 1089 1426 1148 1453; x_wconf 87' lang='grc' dir='ltr'><strong><em>τίαν</em></strong></span> <span class='ocrx_word' id='word_1_793' title='bbox 1165 1426 1215 1460; x_wconf 75' lang='grc' dir='ltr'><strong><em>ἔχει</em></strong></span> <span class='ocrx_word' id='word_1_794' title='bbox 1233 1425 1274 1452; x_wconf 85' lang='grc' dir='ltr'><strong><em>διὰ</em></strong></span> <span class='ocrx_word' id='word_1_795' title='bbox 1292 1425 1337 1461; x_wconf 81' lang='grc' dir='ltr'><strong><em>τὴν</em></strong></span> <span class='ocrx_word' id='word_1_796' title='bbox 1351 1428 1506 1463; x_wconf 80' lang='grc' dir='ltr'><strong><em>Περικλέους</em></strong></span> <span class='ocrx_word' id='word_1_797' title='bbox 1521 1427 1662 1454; x_wconf 78' lang='grc' dir='ltr'><strong><em>συνουσίαν</em></strong></span> <span class='ocrx_word' id='word_1_798' title='bbox 1677 1423 1828 1462; x_wconf 76' lang='grc' dir='ltr'><strong><em>σοφώτερος</em></strong></span> <span class='ocrx_word' id='word_1_799' title='bbox 1840 1435 1884 1462; x_wconf 80' lang='grc' dir='ltr'><strong><em>γε-</em></strong></span> 
     </span>
     <span class='ocr_line' id='line_1_98' title="bbox 1089 1465 1887 1517; baseline -0.003 -22"><span class='ocrx_word' id='word_1_800' title='bbox 1089 1470 1204 1506; x_wconf 77' lang='grc' dir='ltr'><strong><em>γονὲναι,</em></strong></span> <span class='ocrx_word' id='word_1_801' title='bbox 1228 1466 1310 1517; x_wconf 79' lang='grc' dir='ltr'><strong><em>ὥςπερ</em></strong></span> <span class='ocrx_word' id='word_1_802' title='bbox 1332 1467 1381 1517; x_wconf 73' lang='grc' dir='ltr'><strong><em>ἐγώ</em></strong></span> <span class='ocrx_word' id='word_1_803' title='bbox 1404 1469 1451 1503; x_wconf 72' lang='grc' dir='ltr'><strong><em>ἔχω</em></strong></span> <span class='ocrx_word' id='word_1_804' title='bbox 1474 1480 1518 1496; x_wconf 88' lang='grc' dir='ltr'><strong><em>σοι</em></strong></span> <span class='ocrx_word' id='word_1_805' title='bbox 1539 1467 1620 1496; x_wconf 83' lang='grc' dir='ltr'><strong><em>εἰπεῖν</em></strong></span> <span class='ocrx_word' id='word_1_806' title='bbox 1642 1466 1684 1494; x_wconf 82' lang='grc' dir='ltr'><strong><em>διὰ</em></strong></span> <span class='ocrx_word' id='word_1_807' title='bbox 1705 1466 1751 1502; x_wconf 83' lang='grc' dir='ltr'><strong><em>τὴν</em></strong></span> <span class='ocrx_word' id='word_1_808' title='bbox 1772 1465 1887 1502; x_wconf 83' lang='grc' dir='ltr'><strong><em>Ζήνωνος</em></strong></span> 
     </span>
     <span class='ocr_line' id='line_1_99' title="bbox 1090 1506 1884 1562; baseline -0.001 -25"><span class='ocrx_word' id='word_1_809' title='bbox 1090 1509 1276 1562; x_wconf 76' lang='grc' dir='ltr'><strong><em>Πυθόδωρον</em></strong></span> <span class='ocrx_word' id='word_1_810' title='bbox 1281 1510 1328 1538; x_wconf 88' lang='grc' dir='ltr'><strong><em>τὸν</em></strong></span> <span class='ocrx_word' id='word_1_811' title='bbox 1342 1508 1479 1545; x_wconf 86' lang='grc' dir='ltr'><strong><em>Ισολόχου</em></strong></span> <span class='ocrx_word' id='word_1_812' title='bbox 1499 1522 1543 1538; x_wconf 87' lang='grc' dir='ltr'><strong><em>και</em></strong></span> <span class='ocrx_word' id='word_1_813' title='bbox 1564 1510 1681 1537; x_wconf 86' lang='grc' dir='ltr'><strong><em>Καλλίαν</em></strong></span> <span class='ocrx_word' id='word_1_814' title='bbox 1701 1508 1748 1538; x_wconf 85' lang='grc' dir='ltr'><strong><em>τὸν</em></strong></span> <span class='ocrx_word' id='word_1_815' title='bbox 1768 1506 1884 1537; x_wconf 83' lang='grc' dir='ltr'><strong><em>Καλλια-</em></strong></span> 
     </span>
     <span class='ocr_line' id='line_1_100' title="bbox 1092 1548 1887 1589; baseline -0.003 -9"><span class='ocrx_word' id='word_1_816' title='bbox 1092 1553 1150 1584; x_wconf 83' lang='grc' dir='ltr'><strong><em>δου,</em></strong></span> <span class='ocrx_word' id='word_1_817' title='bbox 1174 1554 1209 1580; x_wconf 87' lang='grc' dir='ltr'><strong><em>ὠν</em></strong></span> <span class='ocrx_word' id='word_1_818' title='bbox 1230 1550 1350 1589; x_wconf 79' lang='grc' dir='ltr'><strong><em>ἑκατερος</em></strong></span> <span class='ocrx_word' id='word_1_819' title='bbox 1367 1551 1463 1588; x_wconf 79' lang='grc' dir='ltr'><strong><em>Ζήνωνι</em></strong></span> <span class='ocrx_word' id='word_1_820' title='bbox 1483 1551 1577 1581; x_wconf 79' lang='grc' dir='ltr'><strong><em>ἑκατὸν</em></strong></span> <span class='ocrx_word' id='word_1_821' title='bbox 1596 1551 1663 1589; x_wconf 81' lang='grc' dir='ltr'><strong><em>μνᾶς</em></strong></span> <span class='ocrx_word' id='word_1_822' title='bbox 1680 1553 1785 1582; x_wconf 85' lang='grc' dir='ltr'><strong><em>τελέσας</em></strong></span> <span class='ocrx_word' id='word_1_823' title='bbox 1802 1548 1887 1587; x_wconf 84' lang='grc' dir='ltr'><strong><em>σοφός</em></strong></span> 
     </span>
     <span class='ocr_line' id='line_1_101' title="bbox 1091 1590 1885 1636; baseline -0.003 -14"><span class='ocrx_word' id='word_1_824' title='bbox 1091 1606 1117 1622; x_wconf 86' lang='grc' dir='ltr'><strong><em>τε</em></strong></span> <span class='ocrx_word' id='word_1_825' title='bbox 1135 1607 1178 1622; x_wconf 91' lang='grc' dir='ltr'><strong><em>και</em></strong></span> <span class='ocrx_word' id='word_1_826' title='bbox 1197 1593 1341 1636; x_wconf 79' lang='grc' dir='ltr'><strong><em>ἐλλόγιμος</em></strong></span> <span class='ocrx_word' id='word_1_827' title='bbox 1345 1597 1456 1633; x_wconf 75' lang='grc' dir='ltr'><strong><em>γέγονεν,</em></strong></span> <span class='ocrx_word' id='word_1_828' title='bbox 1491 1599 1545 1622; x_wconf 90' lang='lat' dir='ltr'><strong><em>AA.</em></strong></span> <span class='ocrx_word' id='word_1_829' title='bbox 1561 1592 1636 1623; x_wconf 74' lang='grc' dir='ltr'><strong><em>Ἀλλα</em></strong></span> <span class='ocrx_word' id='word_1_830' title='bbox 1654 1593 1691 1631; x_wconf 84' lang='grc' dir='ltr'><strong><em>μὰ</em></strong></span> <span class='ocrx_word' id='word_1_831' title='bbox 1708 1591 1750 1620; x_wconf 71' lang='grc' dir='ltr'><strong><em>Δί’</em></strong></span> <span class='ocrx_word' id='word_1_832' title='bbox 1768 1590 1814 1621; x_wconf 69' lang='grc' dir='ltr'><strong><em>οὐκ</em></strong></span> <span class='ocrx_word' id='word_1_833' title='bbox 1830 1593 1885 1628; x_wconf 75' lang='grc' dir='ltr'><strong><em>ἔχω.</em></strong></span> 
     </span>
     <span class='ocr_line' id='line_1_102' title="bbox 1091 1634 1888 1674; baseline -0.003 -10"><span class='ocrx_word' id='word_1_834' title='bbox 1091 1642 1146 1664; x_wconf 89' lang='grc' dir='ltr'><strong><em>ΣΩ.</em></strong></span> <span class='ocrx_word' id='word_1_835' title='bbox 1170 1635 1235 1664; x_wconf 72' lang='grc' dir='ltr'><strong><em>Εἶεν.</em></strong></span> <span class='ocrx_word' id='word_1_836' title='bbox 1265 1638 1288 1664; x_wconf 81' lang='grc' dir='ltr'><strong><em>τί</em></strong></span> <span class='ocrx_word' id='word_1_837' title='bbox 1310 1637 1356 1665; x_wconf 78' lang='grc' dir='ltr'><strong><em>οὖν</em></strong></span> <span class='ocrx_word' id='word_1_838' title='bbox 1378 1638 1477 1666; x_wconf 81' lang='grc' dir='ltr'><strong><em>διανοεῖ</em></strong></span> <span class='ocrx_word' id='word_1_839' title='bbox 1495 1637 1556 1674; x_wconf 80' lang='grc' dir='ltr'><strong><em>περὶ</em></strong></span> <span class='ocrx_word' id='word_1_840' title='bbox 1574 1647 1686 1669; x_wconf 75' lang='grc' dir='ltr'><strong><em>σαυτους</em></strong></span> <span class='ocrx_word' id='word_1_841' title='bbox 1712 1634 1825 1672; x_wconf 83' lang='grc' dir='ltr'><strong><em>πότερον</em></strong></span> <span class='ocrx_word' id='word_1_842' title='bbox 1843 1634 1888 1662; x_wconf 83' lang='grc' dir='ltr'><strong><em>εᾶν</em></strong></span> 
     </span>
     <span class='ocr_line' id='line_1_103' title="bbox 1091 1678 1886 1720; baseline -0.003 -14"><span class='ocrx_word' id='word_1_843' title='bbox 1091 1678 1124 1710; x_wconf 85' lang='grc' dir='ltr'><strong><em>ὡς</em></strong></span> <span class='ocrx_word' id='word_1_844' title='bbox 1142 1678 1186 1707; x_wconf 80' lang='grc' dir='ltr'><strong><em>νῦν</em></strong></span> <span class='ocrx_word' id='word_1_845' title='bbox 1205 1680 1278 1714; x_wconf 78' lang='grc' dir='ltr'><strong><em>ἔχεις,</em></strong></span> <span class='ocrx_word' id='word_1_846' title='bbox 1297 1692 1312 1713; x_wconf 82' lang='lat'><strong><em>¹1</em></strong></span> <span class='ocrx_word' id='word_1_847' title='bbox 1321 1678 1473 1720; x_wconf 80' lang='grc' dir='ltr'><strong><em>ἐπιμέλειαν</em></strong></span> <span class='ocrx_word' id='word_1_848' title='bbox 1489 1691 1546 1707; x_wconf 86' lang='grc' dir='ltr'><strong><em>τινα</em></strong></span> <span class='ocrx_word' id='word_1_849' title='bbox 1563 1681 1718 1711; x_wconf 74' lang='grc' dir='ltr'><strong><em>ποιεῖσθαις</em></strong></span> <span class='ocrx_word' id='word_1_850' title='bbox 1761 1683 1816 1705; x_wconf 85' lang='lat' dir='ltr'>XV.</span> <span class='ocrx_word' id='word_1_851' title='bbox 1833 1681 1886 1705; x_wconf 87' lang='lat' dir='ltr'><strong><em>AA.</em></strong></span> 
     </span>
     <span class='ocr_line' id='line_1_104' title="bbox 1091 1718 1885 1759; baseline -0.001 -11"><span class='ocrx_word' id='word_1_852' title='bbox 1091 1721 1174 1758; x_wconf 83' lang='grc' dir='ltr'><strong><em>Κοινῇ</em></strong></span> <span class='ocrx_word' id='word_1_853' title='bbox 1197 1721 1288 1758; x_wconf 83' lang='grc' dir='ltr'><strong><em>βουλῇ,</em></strong></span> <span class='ocrx_word' id='word_1_854' title='bbox 1312 1733 1331 1749; x_wconf 94' lang='grc' dir='ltr'><strong><em>ω</em></strong></span> <span class='ocrx_word' id='word_1_855' title='bbox 1355 1728 1359 1742; x_wconf 87' lang='lat'><strong><em>¹</em></strong></span> <span class='ocrx_word' id='word_1_856' title='bbox 1381 1721 1524 1759; x_wconf 81' lang='grc' dir='ltr'><strong><em>Σώκρατες.</em></strong></span> <span class='ocrx_word' id='word_1_857' title='bbox 1568 1722 1663 1749; x_wconf 90' lang='grc' dir='ltr'><strong><em>Καίτοι</em></strong></span> <span class='ocrx_word' id='word_1_858' title='bbox 1685 1719 1763 1748; x_wconf 75' lang='grc' dir='ltr'><strong><em>ἐννοῶ</em></strong></span> <span class='ocrx_word' id='word_1_859' title='bbox 1781 1731 1832 1748; x_wconf 87' lang='grc' dir='ltr'><strong><em>σου</em></strong></span> <span class='ocrx_word' id='word_1_860' title='bbox 1848 1718 1885 1747; x_wconf 78' lang='grc' dir='ltr'><strong><em>εἶ-</em></strong></span> 
     </span>
     <span class='ocr_line' id='line_1_105' title="bbox 1091 1760 1885 1801; baseline -0.001 -10"><span class='ocrx_word' id='word_1_861' title='bbox 1091 1762 1188 1794; x_wconf 80' lang='grc' dir='ltr'><strong><em>πόντος</em></strong></span> <span class='ocrx_word' id='word_1_862' title='bbox 1205 1764 1248 1790; x_wconf 81' lang='grc' dir='ltr'><strong><em>καὶ</em></strong></span> <span class='ocrx_word' id='word_1_863' title='bbox 1266 1764 1396 1801; x_wconf 83' lang='grc' dir='ltr'><strong><em>ξυγχωρῶ.</em></strong></span> <span class='ocrx_word' id='word_1_864' title='bbox 1423 1763 1531 1792; x_wconf 75' lang='grc' dir='ltr'><strong><em>δοκοῦσι</em></strong></span> <span class='ocrx_word' id='word_1_865' title='bbox 1547 1762 1599 1801; x_wconf 70' lang='grc' dir='ltr'><strong><em>γάρ</em></strong></span> <span class='ocrx_word' id='word_1_866' title='bbox 1616 1774 1661 1800; x_wconf 90' lang='grc' dir='ltr'><strong><em>μοι</em></strong></span> <span class='ocrx_word' id='word_1_867' title='bbox 1679 1763 1705 1791; x_wconf 85' lang='grc' dir='ltr'><strong><em>οἱ</em></strong></span> <span class='ocrx_word' id='word_1_868' title='bbox 1722 1761 1755 1790; x_wconf 82' lang='grc' dir='ltr'><strong><em>τὰ</em></strong></span> <span class='ocrx_word' id='word_1_869' title='bbox 1773 1761 1818 1798; x_wconf 75' lang='grc' dir='ltr'><strong><em>τῆς</em></strong></span> <span class='ocrx_word' id='word_1_870' title='bbox 1833 1760 1885 1790; x_wconf 83' lang='grc' dir='ltr'><strong><em>πό-</em></strong></span> 
     </span>
     <span class='ocr_line' id='line_1_106' title="bbox 1091 1802 1886 1846; baseline -0.001 -14"><span class='ocrx_word' id='word_1_871' title='bbox 1091 1807 1154 1837; x_wconf 85' lang='grc' dir='ltr'><strong><em>λεως</em></strong></span> <span class='ocrx_word' id='word_1_872' title='bbox 1170 1804 1328 1842; x_wconf 78' lang='grc' dir='ltr'><strong><em>πράττοντες</em></strong></span> <span class='ocrx_word' id='word_1_873' title='bbox 1346 1805 1418 1837; x_wconf 77' lang='grc' dir='ltr'><strong><em>ἐκτὸς</em></strong></span> <span class='ocrx_word' id='word_1_874' title='bbox 1436 1804 1528 1844; x_wconf 84' lang='grc' dir='ltr'><strong><em>ὀλίγων</em></strong></span> <span class='ocrx_word' id='word_1_875' title='bbox 1547 1804 1698 1846; x_wconf 65' lang='grc' dir='ltr'><strong><em>ἀπαίδευτρι</em></strong></span> <span class='ocrx_word' id='word_1_876' title='bbox 1715 1802 1786 1832; x_wconf 71' lang='grc' dir='ltr'><strong><em>εἶναι.</em></strong></span> <span class='ocrx_word' id='word_1_877' title='bbox 1830 1808 1886 1832; x_wconf 89' lang='grc' dir='ltr'><strong><em>ΣΩ.</em></strong></span> 
     </span>
     <span class='ocr_line' id='line_1_107' title="bbox 1093 1846 1885 1885; baseline -0.001 -10"><span class='ocrx_word' id='word_1_878' title='bbox 1093 1846 1156 1875; x_wconf 76' lang='grc' dir='ltr'><strong><em>Εἶτα</em></strong></span> <span class='ocrx_word' id='word_1_879' title='bbox 1179 1849 1203 1875; x_wconf 88' lang='grc' dir='ltr'><strong><em>τί</em></strong></span> <span class='ocrx_word' id='word_1_880' title='bbox 1224 1846 1253 1883; x_wconf 82' lang='grc' dir='ltr'><strong><em>δὴ</em></strong></span> <span class='ocrx_word' id='word_1_881' title='bbox 1272 1848 1364 1882; x_wconf 73' lang='grc' dir='ltr'><strong><em>τοῦτος</em></strong></span> <span class='ocrx_word' id='word_1_882' title='bbox 1408 1853 1460 1876; x_wconf 88' lang='lat' dir='ltr'><strong><em>AA.</em></strong></span> <span class='ocrx_word' id='word_1_883' title='bbox 1480 1848 1512 1876; x_wconf 82' lang='grc' dir='ltr'><strong><em>Εἰ</em></strong></span> <span class='ocrx_word' id='word_1_884' title='bbox 1528 1850 1574 1885; x_wconf 82' lang='grc' dir='ltr'><strong><em>μέν</em></strong></span> <span class='ocrx_word' id='word_1_885' title='bbox 1591 1859 1644 1876; x_wconf 90' lang='grc' dir='ltr'><strong><em>που</em></strong></span> <span class='ocrx_word' id='word_1_886' title='bbox 1661 1847 1730 1882; x_wconf 80' lang='grc' dir='ltr'><strong><em>ἦσαν</em></strong></span> <span class='ocrx_word' id='word_1_887' title='bbox 1746 1846 1885 1875; x_wconf 84' lang='grc' dir='ltr'><strong><em>πεπαιδευ-</em></strong></span> 
     </span>
     <span class='ocr_line' id='line_1_108' title="bbox 1090 1887 1889 1937; baseline -0.004 -19"><span class='ocrx_word' id='word_1_888' title='bbox 1090 1892 1170 1927; x_wconf 81' lang='grc' dir='ltr'><strong><em>μένοι,</em></strong></span> <span class='ocrx_word' id='word_1_889' title='bbox 1190 1889 1274 1918; x_wconf 75' lang='grc' dir='ltr'><strong><em>ἔδει</em></strong></span> <span class='ocrx_word' id='word_1_890' title='bbox 1258 1902 1290 1918; x_wconf 89' lang='grc' dir='ltr'><strong><em>αν</em></strong></span> <span class='ocrx_word' id='word_1_891' title='bbox 1306 1889 1353 1918; x_wconf 85' lang='grc' dir='ltr'><strong><em>τὸν</em></strong></span> <span class='ocrx_word' id='word_1_892' title='bbox 1368 1890 1544 1927; x_wconf 76' lang='grc' dir='ltr'><strong><em>ἐπιχειροῦντα</em></strong></span> <span class='ocrx_word' id='word_1_893' title='bbox 1560 1888 1649 1921; x_wconf 78' lang='grc' dir='ltr'><strong><em>αὐτοῖς</em></strong></span> <span class='ocrx_word' id='word_1_894' title='bbox 1664 1887 1889 1937; x_wconf 78' lang='grc' dir='ltr'><strong><em>ἀνταγωνίζεσθαι</em></strong></span> 
     </span>
     <span class='ocr_line' id='line_1_109' title="bbox 1091 1927 1886 1969; baseline -0.003 -9"><span class='ocrx_word' id='word_1_895' title='bbox 1091 1931 1218 1969; x_wconf 75' lang='grc' dir='ltr'><strong><em>μαθόντα</em></strong></span> <span class='ocrx_word' id='word_1_896' title='bbox 1236 1932 1280 1960; x_wconf 80' lang='grc' dir='ltr'><strong><em>καὶ</em></strong></span> <span class='ocrx_word' id='word_1_897' title='bbox 1298 1931 1449 1967; x_wconf 79' lang='grc' dir='ltr'><strong><em>ἀσκήσαντα</em></strong></span> <span class='ocrx_word' id='word_1_898' title='bbox 1468 1932 1532 1960; x_wconf 77' lang='grc' dir='ltr'><strong><em>ἴέναι</em></strong></span> <span class='ocrx_word' id='word_1_899' title='bbox 1549 1943 1584 1964; x_wconf 89' lang='grc' dir='ltr'><strong><em>ως</em></strong></span> <span class='ocrx_word' id='word_1_900' title='bbox 1598 1929 1635 1960; x_wconf 73' lang='grc' dir='ltr'><strong><em>ἐπ’</em></strong></span> <span class='ocrx_word' id='word_1_901' title='bbox 1653 1929 1783 1967; x_wconf 84' lang='grc' dir='ltr'><strong><em>ἇθλητας</em></strong></span> <span class='ocrx_word' id='word_1_902' title='bbox 1802 1930 1847 1959; x_wconf 78' lang='grc' dir='ltr'><strong><em>νῦν</em></strong></span> <span class='ocrx_word' id='word_1_903' title='bbox 1861 1927 1886 1958; x_wconf 85' lang='grc' dir='ltr'><strong><em>δ</em></strong></span> 
     </span>
     <span class='ocr_line' id='line_1_110' title="bbox 1092 1971 1887 2010; baseline -0.003 -8"><span class='ocrx_word' id='word_1_904' title='bbox 1092 1974 1177 2010; x_wconf 81' lang='grc' dir='ltr'><strong><em>ἐπειδὴ</em></strong></span> <span class='ocrx_word' id='word_1_905' title='bbox 1199 1975 1242 2002; x_wconf 81' lang='grc' dir='ltr'><strong><em>καὶ</em></strong></span> <span class='ocrx_word' id='word_1_906' title='bbox 1264 1976 1338 2003; x_wconf 83' lang='grc' dir='ltr'><strong><em>οὑτοι</em></strong></span> <span class='ocrx_word' id='word_1_907' title='bbox 1355 1974 1511 2006; x_wconf 76' lang='grc' dir='ltr'><strong><em>ἶδιωτικῶς’</em></strong></span> <span class='ocrx_word' id='word_1_908' title='bbox 1504 1976 1604 2010; x_wconf 70' lang='grc' dir='ltr'><strong><em>ἔχοντες</em></strong></span> <span class='ocrx_word' id='word_1_909' title='bbox 1620 1972 1779 2009; x_wconf 76' lang='grc' dir='ltr'><strong><em>ἐληλύθασιν</em></strong></span> <span class='ocrx_word' id='word_1_910' title='bbox 1797 1973 1839 2000; x_wconf 81' lang='grc' dir='ltr'><strong><em>ἐπὶ</em></strong></span> <span class='ocrx_word' id='word_1_911' title='bbox 1855 1971 1887 2000; x_wconf 80' lang='grc' dir='ltr'><strong><em>τὰ</em></strong></span> 
     </span>
     <span class='ocr_line' id='line_1_111' title="bbox 1092 2015 1878 2066; baseline -0.004 -21"><span class='ocrx_word' id='word_1_912' title='bbox 1092 2017 1137 2051; x_wconf 80' lang='grc' dir='ltr'><strong><em>τῆς</em></strong></span> <span class='ocrx_word' id='word_1_913' title='bbox 1157 2016 1268 2066; x_wconf 80' lang='grc' dir='ltr'><strong><em>πόλεως,</em></strong></span> <span class='ocrx_word' id='word_1_914' title='bbox 1291 2019 1316 2045; x_wconf 86' lang='grc' dir='ltr'><strong><em>τί</em></strong></span> <span class='ocrx_word' id='word_1_915' title='bbox 1337 2018 1375 2045; x_wconf 84' lang='grc' dir='ltr'><strong><em>δεῖ</em></strong></span> <span class='ocrx_word' id='word_1_916' title='bbox 1397 2015 1486 2045; x_wconf 82' lang='grc' dir='ltr'><strong><em>ασκεῖν</em></strong></span> <span class='ocrx_word' id='word_1_917' title='bbox 1503 2029 1546 2044; x_wconf 88' lang='grc' dir='ltr'><strong><em>και</em></strong></span> <span class='ocrx_word' id='word_1_918' title='bbox 1562 2015 1738 2054; x_wconf 86' lang='grc' dir='ltr'><strong><em>μανθανοντα</em></strong></span> <span class='ocrx_word' id='word_1_919' title='bbox 1755 2026 1878 2053; x_wconf 85' lang='grc' dir='ltr'><strong><em>πραγματ</em></strong></span> 
     </span>
     <span class='ocr_line' id='line_1_112' title="bbox 1093 2056 1885 2098; baseline -0.003 -12"><span class='ocrx_word' id='word_1_920' title='bbox 1093 2059 1169 2094; x_wconf 76' lang='grc' dir='ltr'><strong><em>ἕχεινς</em></strong></span> <span class='ocrx_word' id='word_1_921' title='bbox 1189 2058 1238 2097; x_wconf 82' lang='grc' dir='ltr'><strong><em>ἐγώ</em></strong></span> <span class='ocrx_word' id='word_1_922' title='bbox 1254 2058 1306 2097; x_wconf 81' lang='grc' dir='ltr'><strong><em>γὰρ</em></strong></span> <span class='ocrx_word' id='word_1_923' title='bbox 1323 2059 1351 2087; x_wconf 78' lang='grc' dir='ltr'><strong><em>εὖ</em></strong></span> <span class='ocrx_word' id='word_1_924' title='bbox 1369 2057 1436 2091; x_wconf 75' lang='grc' dir='ltr'><strong><em>οἶδα,</em></strong></span> <span class='ocrx_word' id='word_1_925' title='bbox 1456 2058 1496 2087; x_wconf 87' lang='grc' dir='ltr'><strong><em>ὅτι</em></strong></span> <span class='ocrx_word' id='word_1_926' title='bbox 1513 2058 1611 2087; x_wconf 75' lang='grc' dir='ltr'><strong><em>τούτων</em></strong></span> <span class='ocrx_word' id='word_1_927' title='bbox 1625 2057 1657 2096; x_wconf 85' lang='grc' dir='ltr'><strong><em>τῇ</em></strong></span> <span class='ocrx_word' id='word_1_928' title='bbox 1671 2069 1700 2096; x_wconf 80' lang='grc' dir='ltr'><strong><em>γε</em></strong></span> <span class='ocrx_word' id='word_1_929' title='bbox 1720 2064 1723 2078; x_wconf 99' lang='lat'><strong><em>¹</em></strong></span> <span class='ocrx_word' id='word_1_930' title='bbox 1742 2056 1819 2098; x_wconf 78' lang='grc' dir='ltr'><strong><em>φύσει</em></strong></span> <span class='ocrx_word' id='word_1_931' title='bbox 1833 2069 1885 2084; x_wconf 88' lang='grc' dir='ltr'><strong><em>πα-</em></strong></span> 
     </span>
     <span class='ocr_line' id='line_1_113' title="bbox 1092 2097 1886 2139; baseline -0.003 -10"><span class='ocrx_word' id='word_1_932' title='bbox 1092 2113 1122 2128; x_wconf 91' lang='grc' dir='ltr'><strong><em>νυ</em></strong></span> <span class='ocrx_word' id='word_1_933' title='bbox 1146 2101 1214 2129; x_wconf 82' lang='grc' dir='ltr'><strong><em>πολὺ</em></strong></span> <span class='ocrx_word' id='word_1_934' title='bbox 1240 2103 1400 2139; x_wconf 79' lang='grc' dir='ltr'><strong><em>περιέσομαι.</em></strong></span> <span class='ocrx_word' id='word_1_935' title='bbox 1444 2106 1499 2129; x_wconf 89' lang='grc' dir='ltr'><strong><em>ΣΩ.</em></strong></span> <span class='ocrx_word' id='word_1_936' title='bbox 1522 2101 1622 2137; x_wconf 76' lang='grc' dir='ltr'><strong><em>Βαβαῖ,</em></strong></span> <span class='ocrx_word' id='word_1_937' title='bbox 1650 2104 1718 2132; x_wconf 81' lang='grc' dir='ltr'><strong><em>οἱον,</em></strong></span> <span class='ocrx_word' id='word_1_938' title='bbox 1745 2099 1765 2127; x_wconf 80' lang='grc' dir='ltr'><em>ὦ</em></span> <span class='ocrx_word' id='word_1_939' title='bbox 1790 2097 1886 2136; x_wconf 82' lang='grc' dir='ltr'><strong><em>α’ριστε,</em></strong></span> 
     </span>
     <span class='ocr_line' id='line_1_114' title="bbox 1092 2140 1888 2181; baseline -0.004 -10"><span class='ocrx_word' id='word_1_940' title='bbox 1092 2141 1161 2171; x_wconf 75' lang='grc' dir='ltr'><strong><em>τουτ’</em></strong></span> <span class='ocrx_word' id='word_1_941' title='bbox 1181 2145 1296 2181; x_wconf 71' lang='grc' dir='ltr'><strong><em>εἶ’ρηκαςί</em></strong></span> <span class='ocrx_word' id='word_1_942' title='bbox 1322 2141 1356 2175; x_wconf 77' lang='grc' dir='ltr'><strong><em>ὦς</em></strong></span> <span class='ocrx_word' id='word_1_943' title='bbox 1379 2141 1485 2175; x_wconf 88' lang='grc' dir='ltr'><strong><em>αναξιον</em></strong></span> <span class='ocrx_word' id='word_1_944' title='bbox 1507 2143 1550 2178; x_wconf 83' lang='grc' dir='ltr'><strong><em>τῆς</em></strong></span> <span class='ocrx_word' id='word_1_945' title='bbox 1572 2143 1641 2174; x_wconf 80' lang='grc' dir='ltr'><strong><em>ἰδέας</em></strong></span> <span class='ocrx_word' id='word_1_946' title='bbox 1661 2143 1706 2170; x_wconf 78' lang='grc' dir='ltr'><strong><em>καὶ</em></strong></span> <span class='ocrx_word' id='word_1_947' title='bbox 1729 2141 1779 2170; x_wconf 73' lang='grc' dir='ltr'><strong><em>τῶν</em></strong></span> <span class='ocrx_word' id='word_1_948' title='bbox 1806 2140 1888 2169; x_wconf 71' lang='grc' dir='ltr'><strong><em>ἄλλων</em></strong></span> 
     </span>
     <span class='ocr_line' id='line_1_115' title="bbox 1092 2182 1888 2226; baseline -0.004 -12"><span class='ocrx_word' id='word_1_949' title='bbox 1092 2185 1143 2213; x_wconf 75' lang='grc' dir='ltr'><strong><em>τῶν</em></strong></span> <span class='ocrx_word' id='word_1_950' title='bbox 1165 2197 1208 2214; x_wconf 84' lang='grc' dir='ltr'><strong><em>σοι</em></strong></span> <span class='ocrx_word' id='word_1_951' title='bbox 1229 2184 1415 2226; x_wconf 73' lang='grc' dir='ltr'><strong><em>υπαρχόντωνί</em></strong></span> <span class='ocrx_word' id='word_1_952' title='bbox 1456 2190 1509 2214; x_wconf 87' lang='lat' dir='ltr'><strong><em>AA.</em></strong></span> <span class='ocrx_word' id='word_1_953' title='bbox 1530 2187 1561 2213; x_wconf 95' lang='grc' dir='ltr'><strong><em>Τί</em></strong></span> <span class='ocrx_word' id='word_1_954' title='bbox 1580 2184 1694 2222; x_wconf 79' lang='grc' dir='ltr'><strong><em>μαλιστα</em></strong></span> <span class='ocrx_word' id='word_1_955' title='bbox 1716 2184 1760 2212; x_wconf 79' lang='grc' dir='ltr'><strong><em>καὶ</em></strong></span> <span class='ocrx_word' id='word_1_956' title='bbox 1780 2182 1848 2221; x_wconf 87' lang='grc' dir='ltr'><strong><em>πρὸς</em></strong></span> <span class='ocrx_word' id='word_1_957' title='bbox 1864 2184 1888 2210; x_wconf 85' lang='grc' dir='ltr'><strong><em>τί</em></strong></span> 
     </span>
     <span class='ocr_line' id='line_1_116' title="bbox 1092 2223 1888 2266; baseline -0.004 -10"><span class='ocrx_word' id='word_1_958' title='bbox 1092 2227 1170 2256; x_wconf 74' lang='grc' dir='ltr'><strong><em>τοῦτο</em></strong></span> <span class='ocrx_word' id='word_1_959' title='bbox 1193 2230 1283 2266; x_wconf 82' lang='grc' dir='ltr'><strong><em>λέγεις,</em></strong></span> <span class='ocrx_word' id='word_1_960' title='bbox 1306 2228 1326 2255; x_wconf 80' lang='grc' dir='ltr'><em>ὠ</em></span> <span class='ocrx_word' id='word_1_961' title='bbox 1347 2227 1495 2264; x_wconf 69' lang='grc' dir='ltr'><strong><em>Σωκρατεςς</em></strong></span> <span class='ocrx_word' id='word_1_962' title='bbox 1538 2232 1594 2255; x_wconf 91' lang='grc' dir='ltr'><strong><em>ΣΩ.</em></strong></span> <span class='ocrx_word' id='word_1_963' title='bbox 1610 2225 1759 2265; x_wconf 76' lang='grc' dir='ltr'><strong><em>Ἀγανακτῶ</em></strong></span> <span class='ocrx_word' id='word_1_964' title='bbox 1779 2223 1843 2263; x_wconf 78' lang='grc' dir='ltr'><strong><em>ὗπέρ</em></strong></span> <span class='ocrx_word' id='word_1_965' title='bbox 1860 2236 1888 2253; x_wconf 83' lang='grc' dir='ltr'><strong><em>τε</em></strong></span> 
     </span>
     <span class='ocr_line' id='line_1_117' title="bbox 1093 2266 1887 2307; baseline -0.004 -9"><span class='ocrx_word' id='word_1_966' title='bbox 1093 2270 1140 2298; x_wconf 77' lang='grc' dir='ltr'><strong><em>τοῦ</em></strong></span> <span class='ocrx_word' id='word_1_967' title='bbox 1158 2270 1207 2298; x_wconf 83' lang='grc' dir='ltr'><strong>σοῦ</strong></span> <span class='ocrx_word' id='word_1_968' title='bbox 1225 2270 1269 2297; x_wconf 84' lang='grc' dir='ltr'><strong><em>καὶ</em></strong></span> <span class='ocrx_word' id='word_1_969' title='bbox 1285 2270 1333 2298; x_wconf 79' lang='grc' dir='ltr'><strong><em>τοῦ</em></strong></span> <span class='ocrx_word' id='word_1_970' title='bbox 1352 2269 1463 2306; x_wconf 76' lang='grc' dir='ltr'><strong><em>ἐμαυτοῦ</em></strong></span> <span class='ocrx_word' id='word_1_971' title='bbox 1482 2271 1582 2307; x_wconf 75' lang='grc' dir='ltr'><strong><em>ἔρωτος.</em></strong></span> <span class='ocrx_word' id='word_1_972' title='bbox 1625 2273 1678 2297; x_wconf 85' lang='grc' dir='ltr'>ΑΛ.</span> <span class='ocrx_word' id='word_1_973' title='bbox 1698 2269 1730 2296; x_wconf 90' lang='grc' dir='ltr'><strong><em>Τί</em></strong></span> <span class='ocrx_word' id='word_1_974' title='bbox 1747 2266 1788 2303; x_wconf 79' lang='grc' dir='ltr'><strong><em>δής</em></strong></span> <span class='ocrx_word' id='word_1_975' title='bbox 1832 2272 1887 2296; x_wconf 90' lang='grc' dir='ltr'><strong><em>ΣΩ.</em></strong></span> 
     </span>
     <span class='ocr_line' id='line_1_118' title="bbox 1094 2308 1888 2351; baseline -0.003 -12"><span class='ocrx_word' id='word_1_976' title='bbox 1094 2312 1125 2339; x_wconf 83' lang='grc' dir='ltr'><strong><em>Εἰ</em></strong></span> <span class='ocrx_word' id='word_1_977' title='bbox 1146 2310 1259 2347; x_wconf 83' lang='grc' dir='ltr'><strong><em>ἠξίωσας</em></strong></span> <span class='ocrx_word' id='word_1_978' title='bbox 1279 2311 1326 2341; x_wconf 87' lang='grc' dir='ltr'><strong><em>τὸν</em></strong></span> <span class='ocrx_word' id='word_1_979' title='bbox 1348 2310 1436 2351; x_wconf 79' lang='grc' dir='ltr'><strong><em>ἆγῶια</em></strong></span> <span class='ocrx_word' id='word_1_980' title='bbox 1459 2324 1503 2340; x_wconf 89' lang='grc' dir='ltr'><strong><em>σοι</em></strong></span> <span class='ocrx_word' id='word_1_981' title='bbox 1523 2309 1588 2341; x_wconf 76' lang='grc' dir='ltr'><strong><em>εἶναι</em></strong></span> <span class='ocrx_word' id='word_1_982' title='bbox 1614 2310 1680 2349; x_wconf 85' lang='grc' dir='ltr'><strong><em>πρὸς</em></strong></span> <span class='ocrx_word' id='word_1_983' title='bbox 1705 2309 1766 2341; x_wconf 84' lang='grc' dir='ltr'><strong><em>τοὺς</em></strong></span> <span class='ocrx_word' id='word_1_984' title='bbox 1791 2308 1888 2338; x_wconf 79' lang='grc' dir='ltr'><strong><em>ἐνθαδε</em></strong></span> 
     </span>
     <span class='ocr_line' id='line_1_119' title="bbox 1094 2350 1888 2391; baseline -0.004 -9"><span class='ocrx_word' id='word_1_985' title='bbox 1094 2352 1261 2391; x_wconf 78' lang='grc' dir='ltr'><strong><em>ἀνθρωπους.</em></strong></span> <span class='ocrx_word' id='word_1_986' title='bbox 1304 2358 1357 2382; x_wconf 90' lang='lat' dir='ltr'><strong><em>AA.</em></strong></span> <span class='ocrx_word' id='word_1_987' title='bbox 1374 2352 1449 2383; x_wconf 74' lang='grc' dir='ltr'><strong><em>Ἀλλὰ</em></strong></span> <span class='ocrx_word' id='word_1_988' title='bbox 1467 2353 1533 2391; x_wconf 81' lang='grc' dir='ltr'><strong><em>πρὸς</em></strong></span> <span class='ocrx_word' id='word_1_989' title='bbox 1550 2355 1620 2384; x_wconf 88' lang='grc' dir='ltr'><strong><em>τίνας</em></strong></span> <span class='ocrx_word' id='word_1_990' title='bbox 1635 2352 1698 2390; x_wconf 88' lang='grc' dir='ltr'><strong><em>μήν;</em></strong></span> <span class='ocrx_word' id='word_1_991' title='bbox 1732 2357 1788 2380; x_wconf 91' lang='grc' dir='ltr'><strong><em>ΣΩ.</em></strong></span> <span class='ocrx_word' id='word_1_992' title='bbox 1802 2350 1888 2384; x_wconf 82' lang='grc' dir='ltr'><strong><em>Ἀξιον</em></strong></span> 
     </span>
     <span class='ocr_line' id='line_1_120' title="bbox 1093 2392 1886 2435; baseline -0.003 -11"><span class='ocrx_word' id='word_1_993' title='bbox 1093 2395 1172 2424; x_wconf 73' lang='grc' dir='ltr'><strong><em>τοῦτο’</em></strong></span> <span class='ocrx_word' id='word_1_994' title='bbox 1188 2408 1218 2435; x_wconf 78' lang='grc' dir='ltr'><strong><em>γε</em></strong></span> <span class='ocrx_word' id='word_1_995' title='bbox 1235 2397 1279 2424; x_wconf 80' lang='grc' dir='ltr'><strong><em>καὶ</em></strong></span> <span class='ocrx_word' id='word_1_996' title='bbox 1294 2399 1405 2434; x_wconf 69' lang='grc' dir='ltr'><strong><em>ἐρέσθαι</em></strong></span> <span class='ocrx_word' id='word_1_997' title='bbox 1421 2396 1502 2433; x_wconf 78' lang='grc' dir='ltr'><strong><em>ἀνδρα</em></strong></span> <span class='ocrx_word' id='word_1_998' title='bbox 1518 2395 1638 2433; x_wconf 78' lang='grc' dir='ltr'><strong><em>οἰόμενον</em></strong></span> <span class='ocrx_word' id='word_1_999' title='bbox 1650 2393 1836 2433; x_wconf 82' lang='grc' dir='ltr'><strong><em>μεγαλόφρονα</em></strong></span> <span class='ocrx_word' id='word_1_1000' title='bbox 1851 2392 1886 2422; x_wconf 78' lang='grc' dir='ltr'><strong><em>εἶ-</em></strong></span> 
     </span>
     <span class='ocr_line' id='line_1_121' title="bbox 1094 2434 1887 2488; baseline -0.003 -22"><span class='ocrx_word' id='word_1_1001' title='bbox 1094 2450 1143 2466; x_wconf 84' lang='grc' dir='ltr'><strong><em>ναι</em></strong></span> <span class='ocrx_word' id='word_1_1002' title='bbox 1166 2443 1222 2488; x_wconf 75' lang='lat' dir='ltr'><strong><em>²AA.</em></strong></span> <span class='ocrx_word' id='word_1_1003' title='bbox 1241 2438 1306 2470; x_wconf 83' lang='grc' dir='ltr'><strong><em>Πῶς</em></strong></span> <span class='ocrx_word' id='word_1_1004' title='bbox 1322 2441 1414 2476; x_wconf 77' lang='grc' dir='ltr'><strong><em>λέγειςς</em></strong></span> <span class='ocrx_word' id='word_1_1005' title='bbox 1435 2445 1438 2459; x_wconf 95' lang='lat'><strong><em>¹</em></strong></span> <span class='ocrx_word' id='word_1_1006' title='bbox 1458 2451 1489 2467; x_wconf 90' lang='grc' dir='ltr'><strong><em>ου</em></strong></span> <span class='ocrx_word' id='word_1_1007' title='bbox 1507 2439 1574 2476; x_wconf 87' lang='grc' dir='ltr'><strong><em>πρὸς</em></strong></span> <span class='ocrx_word' id='word_1_1008' title='bbox 1590 2448 1698 2468; x_wconf 86' lang='grc' dir='ltr'><strong><em>τουτους</em></strong></span> <span class='ocrx_word' id='word_1_1009' title='bbox 1714 2449 1760 2474; x_wconf 87' lang='grc' dir='ltr'><strong><em>μοι</em></strong></span> <span class='ocrx_word' id='word_1_1010' title='bbox 1775 2435 1789 2465; x_wconf 84' lang='grc' dir='ltr'><strong>ὁ</strong></span> <span class='ocrx_word' id='word_1_1011' title='bbox 1807 2434 1887 2475; x_wconf 74' lang='grc' dir='ltr'><strong><em>ἀγών,-</em></strong></span> 
     </span>
     <span class='ocr_line' id='line_1_122' title="bbox 1094 2479 1889 2519; baseline -0.001 -11"><span class='ocrx_word' id='word_1_1012' title='bbox 1094 2486 1149 2508; x_wconf 88' lang='grc' dir='ltr'><strong><em>ΣΩ,</em></strong></span> <span class='ocrx_word' id='word_1_1013' title='bbox 1166 2479 1241 2509; x_wconf 76' lang='grc' dir='ltr'><strong><em>Ἀλλὰ</em></strong></span> <span class='ocrx_word' id='word_1_1014' title='bbox 1264 2480 1312 2509; x_wconf 75' lang='grc' dir='ltr'><strong><em>κᾶν</em></strong></span> <span class='ocrx_word' id='word_1_1015' title='bbox 1333 2481 1356 2509; x_wconf 82' lang='grc' dir='ltr'><strong><em>εἶ</em></strong></span> <span class='ocrx_word' id='word_1_1016' title='bbox 1378 2480 1466 2519; x_wconf 87' lang='grc' dir='ltr'><strong><em>τριήρη</em></strong></span> <span class='ocrx_word' id='word_1_1017' title='bbox 1488 2480 1588 2509; x_wconf 77' lang='grc' dir='ltr'><strong><em>διενοοῦ</em></strong></span> <span class='ocrx_word' id='word_1_1018' title='bbox 1606 2479 1730 2517; x_wconf 76' lang='grc' dir='ltr'><strong><em>κυβερνᾶν</em></strong></span> <span class='ocrx_word' id='word_1_1019' title='bbox 1745 2480 1889 2516; x_wconf 81' lang='grc' dir='ltr'><strong><em>μέλλουσαν</em></strong></span> 
     </span>
     <span class='ocr_line' id='line_1_123' title="bbox 1094 2519 1888 2560; baseline -0.003 -10"><span class='ocrx_word' id='word_1_1020' title='bbox 1094 2527 1240 2560; x_wconf 72' lang='grc' dir='ltr'><strong><em>ναυμαχεῖν,</em></strong></span> <span class='ocrx_word' id='word_1_1021' title='bbox 1260 2523 1329 2560; x_wconf 83' lang='grc' dir='ltr'><strong><em>ήρκει</em></strong></span> <span class='ocrx_word' id='word_1_1022' title='bbox 1347 2522 1379 2551; x_wconf 66' lang='grc' dir='ltr'><strong><em>ἄν</em></strong></span> <span class='ocrx_word' id='word_1_1023' title='bbox 1397 2535 1441 2552; x_wconf 91' lang='grc' dir='ltr'><strong><em>σοι</em></strong></span> <span class='ocrx_word' id='word_1_1024' title='bbox 1458 2522 1509 2552; x_wconf 85' lang='grc' dir='ltr'><strong><em>τῶν</em></strong></span> <span class='ocrx_word' id='word_1_1025' title='bbox 1526 2521 1674 2551; x_wconf 73' lang='grc' dir='ltr'><strong><em>συνναυτῶν</em></strong></span> <span class='ocrx_word' id='word_1_1026' title='bbox 1690 2522 1810 2558; x_wconf 79' lang='grc' dir='ltr'><strong><em>βελτιστῳ</em></strong></span> <span class='ocrx_word' id='word_1_1027' title='bbox 1824 2519 1888 2553; x_wconf 69' lang='grc' dir='ltr'><strong><em>εἶναι</em></strong></span> 
     </span>
     <span class='ocr_line' id='line_1_124' title="bbox 1094 2562 1887 2612; baseline -0.003 -19"><span class='ocrx_word' id='word_1_1028' title='bbox 1094 2565 1126 2593; x_wconf 78' lang='grc' dir='ltr'><strong><em>τὰ</em></strong></span> <span class='ocrx_word' id='word_1_1029' title='bbox 1148 2565 1325 2603; x_wconf 74' lang='grc' dir='ltr'><strong><em>κυβερνητικας</em></strong></span> <span class='ocrx_word' id='word_1_1030' title='bbox 1351 2564 1367 2601; x_wconf 86' lang='grc' dir='ltr'><em>ἢ</em></span> <span class='ocrx_word' id='word_1_1031' title='bbox 1389 2565 1471 2594; x_wconf 74' lang='grc' dir='ltr'><strong><em>ταῦτα</em></strong></span> <span class='ocrx_word' id='word_1_1032' title='bbox 1492 2568 1539 2602; x_wconf 84' lang='grc' dir='ltr'><strong><em>μὲν</em></strong></span> <span class='ocrx_word' id='word_1_1033' title='bbox 1560 2563 1613 2593; x_wconf 74' lang='grc' dir='ltr'><strong><em>ιῖἱου</em></strong></span> <span class='ocrx_word' id='word_1_1034' title='bbox 1635 2576 1667 2592; x_wconf 90' lang='grc' dir='ltr'><strong><em>αν</em></strong></span> <span class='ocrx_word' id='word_1_1035' title='bbox 1688 2564 1740 2592; x_wconf 83' lang='grc' dir='ltr'><strong><em>δεῖν</em></strong></span> <span class='ocrx_word' id='word_1_1036' title='bbox 1756 2562 1887 2612; x_wconf 55' lang='lat' dir='ltr'><strong><em>inuelem:</em></strong></span> 
     </span>
     <span class='ocr_line' id='line_1_125' title="bbox 1095 2602 1885 2648; baseline -0.003 -14"><span class='ocrx_word' id='word_1_1037' title='bbox 1095 2605 1235 2644; x_wconf 78' lang='grc' dir='ltr'><strong><em>απέβλεπες</em></strong></span> <span class='ocrx_word' id='word_1_1038' title='bbox 1257 2606 1281 2635; x_wconf 91' lang='grc' dir='ltr'><strong><em>δ</em></strong></span> <span class='ocrx_word' id='word_1_1039' title='bbox 1298 2619 1334 2639; x_wconf 87' lang='grc' dir='ltr'><strong><em>εις</em></strong></span> <span class='ocrx_word' id='word_1_1040' title='bbox 1351 2619 1412 2639; x_wconf 88' lang='grc' dir='ltr'><strong><em>τους</em></strong></span> <span class='ocrx_word' id='word_1_1041' title='bbox 1429 2606 1463 2639; x_wconf 80' lang='grc' dir='ltr'><strong><em>ὦς</em></strong></span> <span class='ocrx_word' id='word_1_1042' title='bbox 1480 2606 1588 2642; x_wconf 82' lang='grc' dir='ltr'><strong><em>ἆληθῶς</em></strong></span> <span class='ocrx_word' id='word_1_1043' title='bbox 1606 2604 1811 2648; x_wconf 83' lang='grc' dir='ltr'><strong><em>ἆνταγωνιστας,</em></strong></span> <span class='ocrx_word' id='word_1_1044' title='bbox 1834 2602 1885 2633; x_wconf 74' lang='grc' dir='ltr'><strong><em>ἀλλ’</em></strong></span> 
     </span>
     <span class='ocr_line' id='line_1_126' title="bbox 1095 2647 1885 2688; baseline -0.003 -11"><span class='ocrx_word' id='word_1_1045' title='bbox 1095 2662 1142 2684; x_wconf 84' lang='grc' dir='ltr'><strong><em>ουχ</em></strong></span> <span class='ocrx_word' id='word_1_1046' title='bbox 1160 2649 1193 2681; x_wconf 80' lang='grc' dir='ltr'><strong><em>ὡς</em></strong></span> <span class='ocrx_word' id='word_1_1047' title='bbox 1210 2650 1255 2679; x_wconf 77' lang='grc' dir='ltr'><strong><em>νῦν</em></strong></span> <span class='ocrx_word' id='word_1_1048' title='bbox 1272 2650 1308 2681; x_wconf 83' lang='grc' dir='ltr'><strong><em>εἰς</em></strong></span> <span class='ocrx_word' id='word_1_1049' title='bbox 1324 2661 1386 2681; x_wconf 84' lang='grc' dir='ltr'><strong><em>τους</em></strong></span> <span class='ocrx_word' id='word_1_1050' title='bbox 1403 2660 1609 2688; x_wconf 75' lang='grc' dir='ltr'><strong><em>ονναγωνισταςς</em></strong></span> <span class='ocrx_word' id='word_1_1051' title='bbox 1632 2650 1667 2677; x_wconf 84' lang='grc' dir='ltr'><strong><em>ὠν</em></strong></span> <span class='ocrx_word' id='word_1_1052' title='bbox 1685 2647 1768 2684; x_wconf 87' lang='grc' dir='ltr'><strong><em>δήπου</em></strong></span> <span class='ocrx_word' id='word_1_1053' title='bbox 1784 2659 1885 2685; x_wconf 82' lang='grc' dir='ltr'><strong><em>περιγε-</em></strong></span> 
     </span>
     <span class='ocr_line' id='line_1_127' title="bbox 1094 2688 1885 2729; baseline -0.004 -10"><span class='ocrx_word' id='word_1_1054' title='bbox 1094 2694 1191 2720; x_wconf 81' lang='grc' dir='ltr'><strong><em>νέσθαι</em></strong></span> <span class='ocrx_word' id='word_1_1055' title='bbox 1209 2704 1239 2720; x_wconf 90' lang='grc' dir='ltr'><strong><em>σε</em></strong></span> <span class='ocrx_word' id='word_1_1056' title='bbox 1257 2693 1296 2720; x_wconf 84' lang='grc' dir='ltr'><strong><em>δεῖ</em></strong></span> <span class='ocrx_word' id='word_1_1057' title='bbox 1312 2704 1453 2724; x_wconf 85' lang='grc' dir='ltr'><strong><em>τοσουτον,</em></strong></span> <span class='ocrx_word' id='word_1_1058' title='bbox 1476 2691 1536 2723; x_wconf 83' lang='grc' dir='ltr'><strong><em>ὡςτε</em></strong></span> <span class='ocrx_word' id='word_1_1059' title='bbox 1557 2691 1591 2729; x_wconf 79' lang='grc' dir='ltr'><strong><em>μὴ</em></strong></span> <span class='ocrx_word' id='word_1_1060' title='bbox 1615 2689 1704 2722; x_wconf 81' lang='grc' dir='ltr'><strong><em>αξιουν</em></strong></span> <span class='ocrx_word' id='word_1_1061' title='bbox 1722 2688 1885 2727; x_wconf 69' lang='grc' dir='ltr'><strong><em>ἀνταγωνίζε-</em></strong></span> 
     </span>
    </p>
   </div>
   <div class='ocr_carea' id='block_1_16' title="bbox 1976 68 1998 182">
    <p class='ocr_par' dir='ltr' id='par_1_16' title="bbox 1976 68 1998 182">
     <span class='ocr_line' id='line_1_128' title="bbox 1976 68 1998 182; textangle 90"><span class='ocrx_word' id='word_1_1062' title='bbox 1976 68 1998 182; x_wconf 48' lang='grc'>..,,;</span> 
     </span>
    </p>
   </div>
   <div class='ocr_carea' id='block_1_17' title="bbox 981 246 1911 317">
    <p class='ocr_par' dir='ltr' id='par_1_17' title="bbox 981 246 1911 317">
     <span class='ocr_line' id='line_1_129' title="bbox 1057 246 1911 287; baseline -0.002 -11"><span class='ocrx_word' id='word_1_1063' title='bbox 1057 275 1065 286; x_wconf 16' lang='grc' dir='ltr'><strong><em>,Ἴ</em></strong></span> <span class='ocrx_word' id='word_1_1064' title='bbox 1088 248 1194 276; x_wconf 84' lang='grc' dir='ltr'><strong><em>σαυτοῦ.</em></strong></span> <span class='ocrx_word' id='word_1_1065' title='bbox 1222 248 1260 275; x_wconf 86' lang='grc' dir='ltr'><strong><em>διὸ</em></strong></span> <span class='ocrx_word' id='word_1_1066' title='bbox 1283 249 1326 276; x_wconf 75' lang='grc' dir='ltr'><strong><em>καὶ</em></strong></span> <span class='ocrx_word' id='word_1_1067' title='bbox 1349 248 1430 281; x_wconf 77' lang='grc' dir='ltr'><strong><em>ὂίττεις</em></strong></span> <span class='ocrx_word' id='word_1_1068' title='bbox 1452 248 1503 287; x_wconf 68' lang='grc' dir='ltr'><strong><em>ἄρα</em></strong></span> <span class='ocrx_word' id='word_1_1069' title='bbox 1525 248 1592 286; x_wconf 79' lang='grc' dir='ltr'><strong><em>πρὸς</em></strong></span> <span class='ocrx_word' id='word_1_1070' title='bbox 1612 247 1644 276; x_wconf 78' lang='grc' dir='ltr'><strong><em>τὰ</em></strong></span> <span class='ocrx_word' id='word_1_1071' title='bbox 1667 246 1797 280; x_wconf 75' lang='grc' dir='ltr'><strong><em>πολιτικά,</em></strong></span> <span class='ocrx_word' id='word_1_1072' title='bbox 1820 249 1878 283; x_wconf 56' lang='grc' dir='ltr'><strong><em>πρῖ·7</em></strong></span> <span class='ocrx_word' id='word_1_1073' title='bbox 1908 255 1911 279; x_wconf 70' lang='lat'><strong><em>,¹</em></strong></span> 
     </span>
     <span class='ocr_line' id='line_1_130' title="bbox 981 292 1059 317; baseline 0.013 -1"><span class='ocrx_word' id='word_1_1074' title='bbox 981 295 1036 317; x_wconf 88' lang='grc' dir='ltr'>ΣΩ.</span> <span class='ocrx_word' id='word_1_1075' title='bbox 1057 292 1059 297; x_wconf 48' lang='grc'>’</span> 
     </span>
    </p>
   </div>
   <div class='ocr_carea' id='block_1_18' title="bbox 1912 1345 1947 1363">
    <p class='ocr_par' dir='ltr' id='par_1_18' title="bbox 1912 1345 1947 1363">
     <span class='ocr_line' id='line_1_131' title="bbox 1912 1345 1947 1363; baseline 0 0"><span class='ocrx_word' id='word_1_1076' title='bbox 1912 1345 1947 1363; x_wconf 77' lang='lat'><strong><em>119</em></strong></span> 
     </span>
    </p>
   </div>
   <div class='ocr_carea' id='block_1_19' title="bbox 1902 1701 1929 1760">
    <p class='ocr_par' dir='ltr' id='par_1_19' title="bbox 1902 1701 1929 1760">
     <span class='ocr_line' id='line_1_132' title="bbox 1902 1701 1929 1760; baseline 0 -18"><span class='ocrx_word' id='word_1_1077' title='bbox 1902 1701 1929 1760; x_wconf 61' lang='lat'><strong><em>{1³</em></strong></span> 
     </span>
    </p>
   </div>
   <div class='ocr_carea' id='block_1_20' title="bbox 1979 2818 1989 3084">
    <p class='ocr_par' dir='ltr' id='par_1_20' title="bbox 1979 2818 1989 3084">
     <span class='ocr_line' id='line_1_133' title="bbox 1979 2818 1989 3084; textangle 90"><span class='ocrx_word' id='word_1_1078' title='bbox 1979 2818 1989 3084; x_wconf 42' lang='lat' dir='ltr'><strong><em>ffi-,ssv—,</em></strong></span> 
     </span>
    </p>
   </div>
  </div>
 </body>
</html>
