1998 3084
249 169 303 188 Ὴιι
896 157 914 181 Ρ
937 158 954 181 R
978 158 995 181 A
1018 157 1038 181 E
1062 157 1079 182 F
1101 157 1119 182 Α
1143 157 1163 182 Τ
1184 157 1193 182 l
1214 158 1244 182 (⁷).

249 254 354 288 dubie
372 250 571 286 faciendum
591 260 787 289 censenmS,
817 252 857 282 ut
875 248 995 282 eadem
1014 248 1119 282 etiam
1138 248 1193 282 his
1213 248 1296 281 locis
1317 247 1373 282 vel
1391 248 1467 282 sine
1485 248 1625 283 disertis
1645 248 1802 283 codicum
1822 249 1890 283 suf-

249 320 369 367 fragiis
388 323 582 353 revocetur.

349 417 585 461 Quamobrem
610 415 763 461 primum
788 415 930 461 quidem
954 415 1151 450 infinitivos
1169 415 1206 449 in
1227 413 1270 444 ἀν
1290 420 1325 449 et
1347 413 1388 457 ἦν
1407 419 1608 449 constanter
1627 415 1702 450 sine
1721 416 1793 450 iota
1811 415 1891 450 sub-

248 487 378 532 scripto
403 482 650 530 exprimendos
676 482 888 517 curavimus.
941 482 1031 517 Nam
1054 482 1208 528 primum
1233 481 1375 527 quidem
1398 481 1557 516 nondum
1576 494 1596 515 a
1614 494 1791 528 quoquam
1813 495 1891 517 con-

247 552 351 587 futati
376 555 460 585 sunt
483 550 543 596 qui
568 548 814 584 Herodiano
837 549 924 584 duce
944 549 1139 584 infinitivos
1159 549 1195 582 in
1216 549 1260 578 ἀν
1279 561 1350 583 non
1369 549 1523 595 recipere
1542 548 1630 583 illud
1648 549 1721 584 iota
1738 549 1892 596 disputa-

248 623 429 660 taverunt‚
465 616 519 651 Io.
547 615 609 650 Fr.
637 615 811 650 Reizius
838 616 883 651 ad
909 616 1053 651 Lucian.
1083 614 1122 649 T.
1150 614 1175 649 I.
1209 628 1242 662 p.
1274 617 1344 650 778
1375 628 1449 661 sqq.
1480 620 1515 649 et
1542 615 1604 650 Fr.
1634 615 1677 650 A.
1707 615 1893 651 Wolfius

248 685 404 719 Analect.
434 684 500 718 litt.
532 683 571 717 T.
596 682 638 717 ΙΙ.
666 696 700 730 p.
721 685 792 718 419
813 696 863 730 sq.
892 683 969 718 coll.
997 682 1141 717 Elmsl.
1170 682 1213 716 ad
1241 680 1401 729 Sophocl.
1431 680 1517 717 Oed.
1547 681 1629 730 Tyr.
1658 682 1770 717 Praef.
1798 696 1832 730 p.
1860 685 1892 718 8.

248 751 456 799 Gottling.
486 751 530 785 ad
558 750 729 786 Theodos.
749 763 782 798 p.
805 752 875 785 226
898 763 966 798 sq„
992 756 1032 785 ut
1055 762 1139 785 sane
1163 749 1354 784 verisimile
1383 750 1428 783 sit
1454 749 1637 795 antiquam
1664 762 1786 784 eorum
1812 750 1892 784 scri-

248 825 388 866 pturam
407 818 592 853 subdititia
610 818 728 852 littera
745 818 886 865 penitus
906 818 1070 852 caruisse.
1124 816 1260 851 Deinde
1279 815 1323 850 ad
1342 816 1525 851 Platonem
1544 816 1639 863 quod
1657 817 1799 860 attinet,
1817 829 1893 865 gra—

248 887 433 922 vissimum
457 885 501 920 ad
525 885 758 920 dirimendam
781 885 823 920 de
847 885 914 920 hac
937 897 975 920 re
999 884 1275 920 controversiam
1299 888 1517 918 momentum
1540 883 1624 918 facit
1646 883 1774 919 codicis
1797 896 1894 931 prae-

248 953 455 989 stantissimi
481 952 705 987 Olarkiani
729 953 930 987 auctoritas.
988 951 1021 986 Is
1046 952 1140 986 enim
1164 963 1273 997 quum
1298 950 1371 985 iota
1394 950 1490 985 istud
1513 951 1550 985 in
1575 951 1652 985 aliis
1676 951 1798 986 formis
1821 964 1894 986 non

249 1020 471 1068 suppositum
495 1019 555 1054 sed
581 1019 682 1054 iuxta
705 1019 921 1066 adscriptum
945 1019 1088 1062 habeat,
1116 1019 1167 1053 ita
1191 1023 1230 1053 ut
1254 1018 1290 1052 in
1315 1030 1356 1052 eo
1381 1017 1513 1064 ubique
1531 1018 1669 1066 legatur
1688 1015 1818 1058 γελᾶις,
1846 1028 1895 1049 τι-

248 1088 352 1129 Αιιᾰις,
377 1084 468 1130 ζῆις,
487 1083 637 1128 μειὸιάι,
657 1080 756 1129 dm,
775 1086 834 1129 aL,
857 1091 976 1121 tamen
994 1087 1032 1121 in
1050 1086 1238 1121 infinitivis
1257 1097 1433 1132 nusquam
1452 1084 1550 1120 addit
1567 1085 1655 1129 iota,
1680 1085 1742 1120 sed
1760 1097 1896 1133 semper

250 1155 420 1202 scriptum
439 1153 585 1188 exhibet
603 1150 721 1192 γελᾶν,
747 1152 869 1195 τιμᾶν,
894 1148 998 1197 69051‘3
1027 1153 1064 1188 id
1088 1153 1182 1199 quod
1207 1152 1338 1188 diserto
1363 1153 1566 1187 testimonio
1588 1153 1773 1188 confirmat
1790 1153 1896 1187 etiam

250 1222 431 1257 Thomas
456 1219 658 1256 Gaisford
681 1219 790 1255 Lectt.
815 1220 920 1256 Platt.
947 1219 1064 1256 Oxon.
1094 1221 1200 1256 1820.
1226 1221 1258 1255 8.
1283 1232 1316 1267 p.
1342 1222 1371 1254 1.
1398 1220 1458 1255 ubi
1478 1220 1521 1255 ad
1541 1219 1788 1269 Euthyphron.
1807 1232 1840 1267 p.
1863 1221 1895 1254 3.

250 1290 293 1325 D.
322 1294 469 1324 annotat
495 1288 597 1323 haec:
631 1286 803 1330 „Codex
831 1285 1040 1326 mraydolv:
1068 1299 1284 1333 nunquam
1311 1288 1420 1322 enim
1449 1288 1538 1323 iota
1564 1287 1809 1323 infinitivis
1828 1286 1896 1322 ad-

252 1349 439 1391 scribit.“
493 1355 732 1391 Confirmatur
755 1355 865 1403 igitur
889 1354 971 1389 libri
989 1355 1093 1402 longe
1112 1354 1405 1401 praestantissimi
1425 1355 1633 1390 auctoritate
1653 1368 1694 1390 ea
1712 1355 1896 1402 scriptura,

250 1436 358 1470 quam
381 1428 416 1458 et
438 1422 711 1457 Herodianus
729 1427 879 1457 testatus
899 1426 952 1456 est
969 1421 1150 1457 veteribus
1168 1421 1297 1456 Atticis
1317 1421 1419 1456 unice
1437 1422 1626 1469 placuisse,
1650 1427 1684 1457 et
1705 1421 1802 1457 codd.
1823 1425 1897 1468 qui-

250 1491 331 1525 dam
349 1489 507 1525 Platonis
526 1489 602 1531 alii,
630 1489 667 1523 in
686 1489 815 1535 quibus
836 1488 1081 1524 Florentini
1107 1494 1205 1531 sunt,
1233 1489 1337 1524 iuxta
1355 1501 1435 1523 cum
1453 1490 1615 1536 exemplo
1633 1489 1793 1524 Aldino
1813 1489 1897 1523 satis

249 1558 387 1593 fortiter
414 1561 569 1592 tuentur.
623 1556 680 1590 Ex
706 1568 777 1602 quo
803 1569 868 1591 nos
895 1556 1038 1603 quidem
1066 1556 1278 1604 colligimuS‚
1308 1568 1384 1591 eam
1412 1556 1552 1592 Platoni
1580 1557 1711 1604 ubique
1737 1557 1794 1592 vel
1822 1556 1897 1591 sine

251 1625 391 1659 disertis
411 1623 570 1659 codicum
588 1623 800 1658 testimoniis
818 1624 928 1658 fuisse
945 1623 1211 1659 restituendam.

352 1725 469 1772 Atque
496 1724 643 1760 eandem
670 1724 715 1759 ob
743 1736 902 1759 caussam
930 1725 1107 1759 contraria
1132 1724 1269 1759 ratione
1298 1724 1388 1760 iota
1416 1725 1654 1772 subscriptum
1683 1724 1897 1760 servandum

250 1794 434 1835 duximus,
462 1792 522 1827 ubi
548 1792 669 1827 multis
694 1804 779 1826 usus
804 1791 915 1838 ipsius
940 1791 1070 1827 dubius
1094 1796 1188 1826 certe
1211 1797 1247 1826 et
1271 1796 1520 1827 controversus
1543 1793 1642 1828 visus
1660 1797 1723 1828 est.
1776 1791 1896 1827 Ambi-

249 1866 340 1909 gunt
358 1860 451 1894 enim
470 1859 537 1894 viri
558 1859 667 1901 docti,
692 1858 865 1893 vocabula
884 1856 1103 1902 ὃοτικοφανῆ
1123 1858 1240 1894 sintne
1259 1858 1378 1894 addito
1397 1871 1443 1894 an
1462 1859 1591 1894 omisso
1610 1859 1682 1895 iota
1699 1859 1894 1895 scribenda.

250 1927 297 1962 At
317 1927 579 1962 Clarkianus
598 1925 741 1972 quidem
759 1925 870 1960 codex
889 1925 1020 1972 ubique
1039 1925 1173 1973 liquido
1193 1925 1363 1973 scriptum
1382 1926 1527 1961 exhibet
1546 1921 1696 1970 πάντηι,
1716 1921 1819 1970 ὅπηι,
1839 1921 1895 1958 οὗ-

250 1992 358 2038 δαμῆι
371 2018 378 2031 ,
403 1990 595 2037 πολλαχῆι,
614 1991 811 2036 πανταχῆι,
835 1992 880 2028 al.
933 1992 1052 2039 Atque
1070 2005 1147 2028 eam
1166 1993 1376 2040 scripturam
1395 1994 1501 2028 etiam
1520 1994 1579 2028 alii
1599 1993 1698 2030 codd.
1718 1994 1814 2041 iique
1831 2006 1897 2029 nec

248 2073 396 2096 numero
413 2060 517 2108 pauci
536 2072 600 2095 nec
618 2059 777 2095 bonitate
795 2060 890 2095 leves
909 2065 972 2095 aut
990 2060 1111 2108 exigui
1131 2060 1181 2095 ita
1199 2061 1424 2103 confirmant,
1453 2066 1494 2096 ut
1517 2061 1589 2096 iota
1612 2062 1684 2096 fere
1708 2061 1775 2097 sub
1797 2071 1819 2105 η
1838 2074 1896 2109 ap-

247 2129 383 2175 pictum
408 2127 610 2162 exhibeant.
663 2127 720 2162 Ex
738 2140 808 2174 quo
826 2127 929 2163 nobis
948 2128 1091 2174 quidem
1109 2127 1300 2163 clarissime
1319 2128 1455 2163 elucere
1475 2128 1632 2171 videtur,
1651 2133 1788 2164 veteres
1806 2128 1896 2164 eius-

248 2195 342 2230 modi
371 2195 544 2230 vocabula
570 2194 674 2241 plane
701 2194 746 2229 ad
772 2195 971 2244 analogiam
999 2208 1121 2231 eorum
1148 2195 1403 2231 vocabulorum
1430 2196 1592 2239 finxisse,
1628 2208 1718 2242 quae
1746 2208 1784 2231 re
1810 2208 1896 2231 vera

248 2262 359 2297 dativi
385 2262 535 2309 speciem
559 2262 732 2305 referunt,
757 2262 868 2297 veluti
892 2261 1003 2309 κοινῇ.
1056 2262 1131 2298 Hoc
1154 2268 1273 2298 autem
1296 2274 1407 2309 quum
1429 2263 1559 2298 rationi
1583 2262 1670 2298 adeo
1688 2263 1735 2298 sit
1753 2275 1896 2298 consen-

248 2335 402 2372 taneum,
423 2334 462 2364 ut
481 2342 602 2364 omnes
620 2329 782 2364 veritatis
800 2342 966 2365 numeros
984 2329 1122 2372 habeat,
1143 2329 1275 2376 ubique
1294 2330 1422 2365 codicis
1442 2329 1666 2365 Clarkiani
1686 2330 1896 2377 scripturam

248 2395 478 2439 adscivimus,
498 2396 635 2431 etiamsi
655 2396 712 2431 hic
730 2402 765 2432 et
783 2397 854 2432 illic
872 2397 939 2432 loci
958 2402 1196 2440 occurrerent,
1219 2397 1290 2443 qui,
1309 2410 1395 2432 num
1414 2409 1455 2431 ea
1471 2409 1534 2444 per
1552 2397 1724 2432 librorum
1741 2397 1896 2432 testimo-

249 2463 309 2498 nia
335 2464 542 2498 confirmata
569 2468 676 2506 esset,
705 2469 798 2498 certe
826 2464 980 2499 dubitari
1007 2469 1224 2511 paterentur.
1276 2463 1366 2498 Nam
1393 2476 1503 2510 quum
1529 2464 1567 2499 in
1594 2464 1637 2499 iis
1664 2464 1779 2507 libris,
1807 2476 1896 2510 quos

250 2531 510 2565 Clarkianus
536 2530 646 2565 codex
671 2531 930 2578 complectitur,
957 2532 1056 2566 nullo
1080 2531 1184 2566 modo
1209 2530 1357 2565 dubium
1376 2530 1437 2573 sit,
1465 2530 1551 2577 quid
1569 2530 1615 2566 sit
1632 2543 1696 2578 pro
1715 2543 1800 2567 vero
1817 2543 1896 2579 pro-

249 2597 420 2639 bandum⁷
453 2610 497 2632 ne
522 2597 559 2631 in
583 2598 707 2632 ceteris
732 2597 874 2646 quidem
898 2597 1056 2634 Platonis
1086 2598 1225 2645 scriptis
1250 2609 1398 2643 usquam
1422 2598 1466 2632 ab
1491 2598 1551 2632 illa
1574 2598 1710 2633 ratione
1735 2598 1896 2633 receden-

249 2665 332 2698 dum
352 2676 427 2699 esse
446 2664 690 2699 iudicavimus.
