1998 3084
151 1511 188 1529 ⁸59

209 164 258 189 300

213 244 314 277 αίτερον
335 240 382 268 τοῦ
405 240 508 270 δέοντος
527 237 579 266 ὑπὸ
603 238 652 266 σσῦ
675 237 757 275 ω’ςπερ
776 237 834 289 ὄφις
851 237 1004 272 κηληθῆναι,

213 284 269 319 ἐμοὶ
288 283 313 310 δὲ
332 280 404 310 eiiam
422 280 488 308 κατὰ
507 280 568 308 νοῦν
584 278 600 314 ἦ
619 278 749 311 ἀπόδειξις
765 282 856 317 γέγονε
870 280 929 316 περὶ
944 281 1004 307 ἑκα-

212 328 296 361 τέρου·
316 323 436 359 ἐπιθυμῶ
454 321 505 360 γὰρ
524 319 644 370 ἀκοῦσαι,
662 323 687 349 τί
703 320 723 349 τ’
741 322 810 350 ἔστιν
827 320 949 358 ἑκάτερον
962 321 1007 349 καὶ

211 368 267 394 τίνα
290 367 339 401 ἔχει
361 364 466 401 δύναμιν
489 361 552 392 αὐτὸ
574 361 638 391 καθ
661 362 723 391 αὑτὸ
748 362 805 391 ἐνὸν
827 367 853 391 ἐν
874 363 905 400 τῆ
926 364 1006 400 ψυχῇ,

211 407 272 439 τοὺς
293 408 320 436 δὲ
340 406 459 444 μισθοὺς
479 406 523 433 καὶ
543 405 576 433 τὰ
597 404 736 458 γιγνόμενα
759 403 803 433 ἀπ’
825 403 909 433 αὐτῶν
931 405 1007 433 ἐᾶσαι

210 451 315 487 χαίρειν.
343 447 439 477 οὑτωσὶ
457 449 503 476 οὖν
519 446 633 482 ποιήσω,
653 447 698 475 ἐὰν
715 448 758 475 καὶ
776 459 819 475 σοι
838 447 912 484 δοκῆ·
940 450 1004 475 ἐπα-

212 490 375 528 νανεώσομαι
393 490 439 518 τὸν
457 489 634 542 θρασιμάχου
651 489 738 527 λόγον,
755 490 799 517 καὶ
819 496 822 509 ¹
841 489 945 526 πρῶτον
960 491 1008 526 μὲν

213 534 261 571 ἐρῶ
284 531 447 567 δικαιοσύνην
470 535 526 560 οἱον
547 533 614 560 εὶναί
633 544 699 568 φασι
716 532 759 559 καὶ
777 530 845 560 ὅθεν
862 534 1005 569 γεγονέναι·

213 574 331 613 δεύτερον
349 575 382 607 δέ,
402 574 442 603 ὅτι
459 573 554 605 πάντες
572 572 634 602 αὐτὸ
655 574 680 602 οἱ
699 572 887 608 ἐπιτηδεύοντες
902 572 1007 604 ἄκοντες

213 616 404 653 ἐπιτηδεύουσιν
421 615 456 647 ὦς
474 614 617 654 ἀναγκαῖον
632 614 683 643 ἀλλ
702 614 749 651 ούχ
764 614 798 647 ὦς
813 613 932 653 ἀγαθόν’
952 617 1005 652 τρί-

212 672 258 688 τον
280 660 318 691 δὲ,
346 658 386 687 ὅτι
407 658 512 689 εἰκότως
533 656 596 686 αυτό
620 658 709 695 δρῶσι’
737 657 804 686 πολὺ
824 657 876 696 γὰρ
900 655 1008 694 ἀμείνων

214 701 264 739 ἀρα
284 700 298 730 ό
317 701 364 729 τοῦ
383 699 504 729 ἀδίκου
489 713 504 735 η
523 699 537 728 ὃ
555 699 602 728 τοῦ
621 701 720 728 δικαίου
738 700 804 737 βίος,
827 698 861 731 ὦς
881 701 1006 738 λέγουσιν.

213 745 268 772 ἐπει
291 745 387 781 ἔμοιγε,
410 743 430 770 ὦ
451 741 599 779 Σώκρατες,
627 741 683 770 οὔτι
705 743 775 791 δοκεῖ
796 741 887 773 ου’τως·
916 740 1007 779 ἀπορῶ

211 788 298 839 μέντοι
319 786 551 822 διατεθρυλημένος
573 784 605 812 τὰ
623 785 686 817 ὦτα,
709 782 810 812 ἀκούων
829 783 1007 821 Θρασυμάχου

212 829 256 856 καὶ
275 829 372 865 μυρίων
395 826 484 855 άλλων.
510 826 557 855 τὸν
580 827 607 855 δὲ
627 825 692 863 ὑπὲρ
714 826 758 861 τῆς
780 825 942 861 δικαιοσύνης
959 824 1005 853 λό-

211 882 267 909 γον,
288 876 291 890 ¹
311 868 345 901 ὦς
363 868 466 906 ἄμεινον
482 867 587 901 ἀδικίας,
607 867 711 899 οὐδενός
724 880 765 896 πω
782 867 879 903 ἀκήκοα
895 866 929 899 ὦς
944 866 1005 904 βού-

211 915 300 949 λομαι·
329 911 454 948 βούλομαι
476 912 503 939 δὲ
525 909 589 939 αὐτὸ
611 909 675 939 καθ,
697 909 760 939 αὖτο
787 909 1008 948 ἐγκωμιαζόμενον

214 953 332 983 ἀκοῦσαι
361 953 475 990 μάλιστα
502 951 526 981 δ
552 951 624 990 οἶμαι
651 951 682 981 ἂν
709 953 758 981 σοῦ
784 955 936 981 πυθέσθαι.
968 952 1006 980 διὸ

212 998 363 1027 κατατείνας
381 996 429 1034 ἐρῶ
447 995 493 1024 τὸν
511 993 600 1024 αδικον
605 996 674 1045 ἵβίον
692 994 809 1027 ἐπαινῶν,
827 995 906 1023 εἰπὼν
924 995 951 1022 δὲ
966 998 1006 1022 ἐν-

213 1040 330 1076 δείξομαί
347 1050 398 1071 σοι,
418 1037 448 1066 ὃν
465 1037 565 1075 τρόπον
583 1038 615 1066 αὖ
634 1036 760 1075 βούλομαι
776 1050 819 1065 και
838 1037 887 1066 σοῦ
906 1035 1008 1065 ἀκούειν

214 1079 314 1109 ἀδικίαν
338 1083 385 1118 μὲν
410 1083 552 1119 ψέγοντος,
586 1079 749 1115 δικαιοσύνην
775 1081 802 1108 δὲ
833 1079 1007 1110 ἐπαινοῦντος.

214 1122 265 1151 ἀλλ’
283 1122 341 1161 ὅρα,
359 1125 386 1151 εἴ
400 1135 444 1151 σοι
450 1121 641 1175 βουλομένῳ
625 1135 641 1150 α
658 1124 731 1160 λέγω.
757 1121 870 1150 Παντων
885 1120 1007 1158 μάλιστα,

214 1166 244 1201 ἠν
265 1163 289 1193 δ’
312 1164 371 1204 ἐγώ·
399 1165 458 1202 περὶ
479 1164 531 1203 γὰρ
553 1166 622 1196 τίνος
641 1170 645 1185 ¹
665 1164 697 1192 α”ν
716 1164 815 1201 μᾶλλον
833 1163 955 1195 πολλάκις
972 1174 1009 1194 τις

213 1208 275 1236 νοῦν
297 1208 360 1243 ἔχων
379 1209 467 1245 χαίροι
485 1209 564 1245 λέγων
580 1207 623 1234 καῖ
642 1204 755 1239 ἀκούωνς
781 1206 939 1256 Κάλλισταζ,
953 1207 1007 1242 ἔφη,

213 1252 302 1288 λέγεις·
329 1251 372 1277 καὶ
391 1248 406 1278 ὅ
423 1249 527 1287 πρῶτον
545 1250 608 1285 ἔφην
625 1252 702 1286 ἐρεῖν,
724 1250 783 1286 περὶ
804 1247 900 1277 τούτου
922 1246 1008 1280 ἄκουε,

212 1294 238 1321 τί
255 1291 284 1321 όν
301 1304 332 1320 τε
344 1292 399 1320 καὶ
407 1291 475 1320 ὅθεν
490 1294 580 1329 γέγονε
599 1290 753 1326 δικαιοσύνη.
796 1293 944 1327 Πεφυκέναι
957 1290 1008 1329 γὰρ

214 1334 243 1370 δή
260 1346 328 1371 φασι
344 1333 375 1362 τὸ
392 1336 439 1371 μὲν
457 1331 552 1362 ἀδικεῖν
570 1332 686 1372 ἀγαθόν,
705 1333 735 1361 τὸ
751 1334 778 1361 δὲ
794 1331 945 1361 ἀδικεῖσθαι
960 1345 1007 1360 κα-

213 1376 267 1409 κόν,
285 1378 373 1405 πλέονι
391 1377 417 1404 δὲ
434 1376 503 1413 κακῷ
517 1374 684 1413 ὖπερβάλλειν
698 1375 727 1403 τὸ
745 1373 896 1403 ἀδικεῖσθαι
910 1374 925 1411 ἢ
941 1373 1007 1413 ἀγα-

214 1420 258 1456 θῷ
279 1418 309 1447 τὸ
334 1416 440 1451 ἀδικεῖν,
463 1416 517 1449 ὦςτ,
535 1417 637 1446 ἐπειδὰν
656 1416 779 1453 ἀλλήλους
797 1415 906 1446 ἀδικῶσί
922 1429 950 1445 τε
967 1418 1009 1444 καὶ

215 1459 350 1489 ἀδικῶνται
371 1461 415 1488 καὶ
437 1458 590 1498 ἀμφοτέρων
609 1457 746 1498 γεύωνται,
768 1463 824 1491 τοῖς
843 1459 878 1497 μὴ
901 1460 1008 1496 δυναμέ-

214 1514 268 1535 νοις
284 1502 314 1531 τὸ
331 1505 379 1540 μὲν
396 1501 526 1541 ἐκφεύγειν
543 1507 556 1520 *
573 1502 604 1531 τὸ
623 1503 650 1530 δὲ
669 1503 750 1540 αἱρεῖν
767 1503 852 1530 δοκεῖν
873 1504 1010 1530 λυσιτελεῖν

214 1547 367 1578 ξυνθέσθαι
385 1543 501 1580 ἀλλήλοις
517 1543 573 1581 μήτ’
591 1543 686 1573 ἀδικεῖν
702 1543 758 1581 μητ’
776 1543 934 1572 ἀδικεῖσθαι.
966 1556 1010 1571 και

215 1588 337 1616 ἐντεῦθεν
359 1587 388 1623 δὴ
411 1586 550 1640 ἄρξασθαι
572 1586 666 1624 νόμους
688 1589 820 1615 τίθεσθαι
841 1587 885 1614 καὶ
909 1585 1007 1621 ξυνθή-

214 1641 261 1662 κας
279 1628 375 1662 αὑτοῖς,
393 1642 435 1657 και
455 1627 585 1666 ὀνομάσαι
603 1629 632 1657 τὸ
651 1628 702 1657 ὑπὸ
722 1630 769 1657 τοῦ
784 1628 866 1666 νόμου
881 1630 1009 1667 ἐπίταγμα

214 1671 324 1710 νόμιμόν
340 1684 366 1700 τε
384 1673 428 1700 καὶ
445 1672 551 1700 δίκαιον.
569 1672 612 1700 καὶ
629 1670 695 1700 εῖναι
713 1671 743 1713 δη
760 1670 855 1707 ταύτην
868 1672 968 1723 γένεσίν
983 1683 1009 1699 τε

214 1716 258 1743 καὶ
280 1712 372 1743 οὐσίαν
394 1713 567 1749 δικαιοσυνης,
592 1714 689 1762 μεταξὺ
711 1715 795 1743 οὖσαν
815 1715 863 1742 τοῦ
883 1717 930 1751 μὲν
952 1712 1008 1751 ἀρί-

215 1769 280 1786 στου
298 1756 385 1789 ὄντος,
408 1757 453 1785 ἐὰν
472 1755 565 1784 ἀδικῶν
581 1757 615 1794 μὴ
634 1756 693 1794 διδῷ
716 1758 797 1792 δίκην,
819 1757 866 1785 τοῦ
889 1758 916 1785 δὲ
936 1758 1008 1784 κακί-

215 1811 288 1832 στου,
307 1799 352 1828 ἐὰν
369 1797 536 1836 ἀδικούμενος
553 1802 728 1837 τιμωρεῖσθαι
747 1797 873 1830 ἀδύνατος
890 1794 914 1836 ᾗ.
937 1798 966 1827 τό
984 1799 1010 1826 δὲ

214 1843 313 1870 δίκαιον
339 1845 365 1869 ἐν
389 1844 460 1879 μέσῳ
487 1840 517 1869 ὅν
542 1840 641 1869 τούτων
668 1839 820 1879 ἀμφοτέρων
847 1840 1010 1879 ἀγαπᾶσθαι

216 1883 264 1933 οὐχ
286 1890 290 1905 ¹
313 1882 348 1915 ὦς
370 1882 490 1922 ἀγαθόν,
515 1881 566 1911 ἀλλ’
587 1882 622 1915 ὡς
643 1882 775 1922 ἀρρωστία
792 1884 839 1912 τοῦ
858 1882 953 1911 ἀδικεῖν
970 1895 1008 1911 τι-

213 1926 341 1964 μώμετον
361 1927 415 1954 ἐπεὶ
432 1926 478 1954 τὸν
496 1925 636 1963 δυνάμενον
654 1924 717 1954 αὐτὸ
735 1929 821 1954 ποιεῖν
837 1926 881 1954 καὶ
898 1924 932 1957 ὦς
947 1923 1008 1960 ἀλη-

214 1970 274 2000 θως
295 1967 376 2006 ἄνδρα
395 1966 450 1996 ούδ
469 1968 501 1996 ἂν
518 1970 555 1996 ἑνί
570 1980 635 1997 ποτε
653 1970 806 2000 ξυνθέσθαι
823 1980 853 1996 το
870 1967 934 2005 μήτε
952 1966 1008 1995 ἀδι-

215 2014 267 2039 κεῖν
287 2009 349 2058 μήτε
372 2008 535 2038 ἀδικεῖσθαι
561 2012 707 2047 μαίνεσθαι
728 2010 780 2049 γὰρ
803 2022 842 2038 αν.
868 2009 883 2045 ἦ
900 2012 948 2047 μὲν
965 2010 1012 2038 οὖν

215 2053 245 2088 δη
262 2052 340 2089 φύσις
358 2051 531 2088 δικαιοσύνης,
554 2053 575 2080 ὠ
591 2052 739 2090 Σωκρατες,
764 2051 827 2088 αὕτη
849 2064 876 2080 τε
893 2053 937 2080 καὶ
954 2064 1009 2080 τοι-

216 2094 287 2131 αὕτη,
305 2095 348 2122 καῖ
367 2098 393 2127 ἐξ
410 2097 445 2122 ὡν
462 2098 558 2131 πέφυκε
576 2095 692 2127 τοιαῦτα,
711 2094 745 2126 ὦς
763 2107 777 2123 ο
795 2094 880 2133 λόγος.
913 2101 954 2122 111.
967 2093 1012 2126 Ὡς

215 2138 242 2166 δὲ
263 2138 306 2165 καὶ
328 2138 355 2166 οἱ
376 2136 565 2172 ἐπιτηδεύοντες
583 2135 709 2174 ἀδυναμία
728 2137 774 2165 τοῦ
793 2135 888 2165 ἀδικεῖν
907 2135 1012 2167 ἄκοντες

216 2178 279 2208 αὗτὸ
299 2178 488 2214 ἐπιτηδεύουσι,
503 2177 604 2216 μάλιστ’
623 2179 654 2207 ἂν
673 2179 852 2216 αἰσθοίμεθα,
871 2179 893 2207 εἰ
911 2178 1010 2207 τοιόνδε

215 2221 370 2258 ποιήσαιμεν
386 2222 418 2258 τῇ
436 2222 547 2257 διανοίᾳ·
568 2228 571 2241 ¹
588 2220 675 2253 δόντες
690 2223 810 2253 ἐξουσίαν
824 2223 934 2259 ἑκατέρῳ
948 2233 1009 2250 ποι-

215 2277 253 2293 ειν
271 2276 285 2292 ο
303 2276 327 2292 τι
346 2262 377 2291 ἇν
396 2263 525 2300 βούληται,
544 2264 579 2300 τῷ
596 2276 623 2292 τε
641 2265 729 2301 δικαίῳ
747 2277 790 2292 και
807 2264 843 2301 τῶ
861 2262 947 2300 ἀδίκῳ,
966 2262 1008 2291 εῖτ

217 2305 479 2355 ἐπακολουθήσαιμεν
496 2305 634 2347 θεώμενοι,
652 2310 701 2335 ποῖ
716 2304 732 2342 ἦ
747 2308 874 2343 ἐπιθυμία
890 2306 1011 2343 ἑκάτερον

217 2348 279 2381 ἄξει.
307 2346 344 2376 ἐπ
366 2346 517 2398 αὐτοφώρῳ
532 2349 578 2376 οὖν
599 2348 721 2397 λάβοιμεν
744 2347 776 2376 ἄν
796 2348 842 2376 τὸν
860 2349 959 2377 δίκαιον
975 2348 1011 2385 τῷ

217 2389 294 2427 ἀδίκῳ
317 2390 353 2422 εἷς
373 2389 470 2418 ταύτόν
491 2389 565 2418 ἰόντα
587 2390 629 2418 διὰ
652 2391 696 2426 τὴν
717 2392 879 2423 πλεονεξίαν,
902 2389 917 2419 ὃ
934 2390 1010 2418 πᾶσα

216 2433 294 2470 φύσις
315 2431 412 2460 διώκειν
432 2435 543 2468 πέφυκεν
564 2432 598 2464 ὡς
620 2431 740 2471 ἀγαθόν,
763 2432 833 2470 νόμῳ
856 2433 883 2460 δέ
904 2433 948 2460 καὶ
969 2433 1010 2469 βίᾳ

215 2474 364 2513 παράγεται
385 2475 427 2502 ἐπὶ
444 2474 489 2509 τὴν
506 2475 552 2503 τοῦ
571 2477 630 2503 ἴσου
647 2474 727 2512 τιμήν.
755 2477 793 2510 εἴη
811 2473 835 2502 δ’
853 2474 886 2502 ἂν
902 2473 918 2510 ἦ
936 2477 1009 2506 ἐξου-

218 2520 274 2550 σία,
293 2517 308 2552 ἢ
326 2519 402 2555 λέγω,
420 2515 508 2545 τοιάδε
524 2516 650 2554 μάλιστα,
669 2517 691 2545 εἶ
710 2515 798 2548 αὐτοῖς
815 2519 929 2555 γένοιτο,
953 2518 1011 2545 οἵαν

217 2562 281 2588 ποτέ
301 2571 369 2596 φασι
391 2558 497 2596 δύναμιν
517 2571 553 2587 τω
570 2558 642 2597 Γύγῃ
660 2560 695 2596 τῷ
715 2566 718 2580 ¹
737 2559 785 2588 τοῦ
802 2560 892 2587 Λυδοῦ
908 2558 1009 2597 προγό-

216 2614 251 2639 νῳ
267 2604 403 2652 γενέσθαι.
429 2605 493 2629 εῖναι
509 2604 556 2638 μὲν
572 2601 623 2639 γὰρ
642 2599 722 2629 αυτὸν
738 2603 848 2638 ποιμένα
863 2600 1012 2637 θητεύοντα

218 2644 290 2681 παρὰ
309 2645 344 2681 τῷ
362 2643 420 2672 τότε
437 2644 535 2674 Λυδίας
553 2642 669 2681 ἄρχοντι,
689 2642 789 2681 σ’μβρου
807 2645 833 2672 δὲ
851 2644 949 2672 πολλοῦ
966 2655 1009 2682 γε-

218 2690 325 2723 νομένου
346 2687 390 2714 καὶ
408 2686 517 2723 σεισμοῦ
535 2686 646 2724 ῥαγῆναί
661 2698 686 2713 τι
702 2686 746 2721 τῆς
762 2686 808 2724 γῆς
825 2687 868 2713 καὶ
884 2688 1012 2724 γενέσθαι

885 159 1178 185 PLATONIS

1053 236 1146 274 χάσμα
1163 236 1230 264 κατὰ
1247 237 1294 266 τὸν
1309 237 1400 269 τόπον,
1419 233 1436 275 ᾗ
1455 239 1546 275 ἔνεμεν.
1573 237 1661 265 ἰδόντα
1677 238 1703 264 δὲ
1718 237 1761 264 καὶ
1778 239 1846 264 θαυ-

1055 279 1178 317 μάσαντα
1196 279 1338 316 καταβῆναι
1354 281 1397 308 καὶ
1415 280 1477 308 ἰδεῖν
1495 279 1559 307 ἄλλα
1577 291 1603 307 τε
1621 280 1652 314 δὴ
1665 279 1849 316 μυθολογοῦσι

1057 320 1204 358 θαυμαστὰ
1222 321 1266 348 καὶ
1282 322 1364 349 ἵππον
1377 323 1491 357 χαλκοῦν
1508 324 1603 354 κοῖλον,
1622 322 1735 359 θυρίδας
1750 322 1848 356 ἔχοντα,

1057 361 1121 391 καθ’
1139 361 1200 394 ὅς’
1270 375 1335 391 αντα
1350 363 1412 392 ἰδεῖν
1427 363 1517 392 ἐνόντα
1532 362 1627 401 νεκρόν,
1647 374 1681 394 ως
1694 364 1849 399 φαίνεσθαι,

1056 403 1172 457 μείζωῆ
1198 402 1252 432 κατ’
1279 403 1433 457 ανθρωπον
1461 406 1555 434 τοῦτον
1577 406 1603 433 δὲ
1626 405 1688 433 ἄλλο
1709 407 1756 442 μέν
1777 402 1851 433 ουδὲν

1059 449 1134 482 ἒχειν,
1155 453 1159 466 ¹
1178 447 1238 484 περὶ
1255 447 1282 474 δὲ
1298 448 1331 484 τῇ
1346 448 1413 484 χειρὶ
1427 448 1542 484 χρυσοῦν
1560 447 1705 480 δακτύλων,
1729 459 1760 475 ον
1775 458 1848 484 περι-

1057 488 1178 526 ελόμενον
1200 488 1308 524 ἐκβῆναι.
1335 488 1463 526 συλλόγου
1485 490 1511 517 δὲ
1531 492 1670 528 γενομένου
1687 492 1743 520 τοῖς
1758 490 1850 526 ποιμέ-

1059 543 1100 559 σιν
1120 528 1263 562 εἷωθότος,
1285 528 1315 558 ἵν’
1337 533 1510 569 ἐξαγγέλλοιεν
1530 531 1597 559 κατὰ
1614 532 1681 569 μῆνα
1700 531 1734 568 τῷ
1753 531 1854 567 βασιλεῖ

1058 573 1090 601 τὰ
1108 573 1167 609 περὶ
1185 571 1217 600 τὰ
1234 574 1349 609 ποίμνια,
1369 571 1514 609 ἀφικέσθαι
1531 574 1574 601 καὶ
1590 577 1685 602 ἐκεῖνον
1701 574 1792 609 ἔχοντα
1807 572 1853 601 τὸν

1059 614 1200 642 δακτυλιον.
1226 613 1378 651 καθήμειον
1395 610 1442 643 οὖν
1456 615 1522 652 μετὰ
1539 615 1590 643 τῶν
1608 614 1690 643 α’λλων
1707 618 1792 650 τυχεῖν
1808 614 1854 650 τὴν

1059 656 1202 693 σφενδόνην
1227 656 1274 684 τοῦ
1297 657 1431 684 δακτυλίου
1451 656 1645 696 περιαγαγόντα
1671 657 1738 695 πρὸς
1761 656 1854 685 ἑαυτὸν

1058 699 1094 731 εἷς
1114 698 1145 727 τὸ
1167 701 1229 727 εἴσω
1250 698 1294 734 τῆς
1313 697 1409 736 χειρός·
1436 697 1531 727 τούτου
1552 700 1579 727 δὲ
1599 702 1739 738 γενομένου
1767 697 1853 735 ἀφανῆ

1059 739 1139 769 αυτὸν
1159 743 1287 779 γενέσθαι
1306 745 1318 758 *
1336 743 1391 772 τοῖς
1407 743 1651 779 παρακαθημένοις,
1673 754 1717 769 και
1739 742 1851 780 διαλέγε-

1059 787 1129 812 σθαι
1151 781 1185 814 ὦς
1206 784 1265 820 περὶ
1287 783 1431 820 οἰχομένου.
1457 784 1500 811 καὶ
1521 783 1567 812 τὸν
1588 783 1733 821 θαυμάζειν
1758 795 1786 812 τε
1811 784 1855 811 καὶ

1057 824 1135 853 πάλιν
1157 825 1360 862 ἐπιψηλαφῶντα
1382 825 1428 853 τὸν
1450 825 1584 854 δακτύλων
1605 828 1716 863 στρέψαι
1739 826 1786 857 ἔξω
1809 825 1854 861 τὴν

1059 866 1209 904 σφενδόνην,
1228 868 1271 895 καὶ
1289 870 1438 905 στρέψαντα
1451 867 1567 905 φανερὸν
1580 870 1715 906 γενέσθαι.
1733 868 1777 896 καὶ
1790 867 1851 896 τοῦ-

1058 922 1088 938 το
1108 908 1267 945 ἐννοήσαντα
1286 907 1488 947 ἀποπειρᾶσθαι
1506 910 1553 938 τοῦ
1576 911 1721 942 δακτυλίου,
1745 909 1768 938 εἶ
1788 908 1852 938 ταύ-

1058 964 1104 988 την
1126 953 1179 988 ἔχοι
1201 951 1247 987 τὴν
1268 951 1386 989 δύναμιν,
1408 952 1452 980 καὶ
1470 950 1538 989 αὐτῷ
1559 950 1599 980 ἀεὶ
1616 952 1683 980 οὕτω
1701 952 1853 989 ξυμβαίνειν,

1059 996 1196 1032 στρέφοντι
1216 996 1263 1031 μὲν
1284 997 1346 1022 εἴσω
1368 993 1414 1029 τὴν
1435 993 1577 1030 σφενδόνην
1600 992 1682 1031 ἀδήλῳ
1703 996 1853 1033 γίγνεσθαι,

1059 1038 1106 1069 ἔξω
1125 1038 1152 1065 δὲ
1170 1035 1243 1073 δήλῳ.
1270 1035 1434 1074 αἰσθόμενον
1449 1037 1476 1064 δὲ
1490 1035 1573 1068 εὐθὺς
1587 1035 1790 1074 διαπράξασθαι
1803 1036 1855 1065 τῶν

1060 1078 1173 1117 ἀγγέλων
1193 1081 1319 1117 γενέσθαι
1342 1079 1393 1107 τῶν
1409 1078 1482 1116 παρὰ
1500 1078 1546 1107 τὸν
1564 1079 1678 1116 βασιλέα.
1707 1085 1711 1099 ¹
1739 1077 1855 1107 ἐλθόντα

1060 1123 1086 1150 δὲ
1108 1122 1150 1149 καὶ
1172 1121 1218 1156 τὴν
1237 1125 1347 1159 γυναῖκα
1370 1119 1451 1149 αὐτοῦ
1470 1120 1657 1158 μοιχεύσαντα,
1683 1119 1737 1159 μετ’
1762 1122 1855 1157 ἐκείνης

1060 1166 1216 1201 ἐπιθέμενον
1232 1164 1267 1200 τῷ
1286 1164 1397 1200 βασιλεῖ,
1417 1161 1567 1192 ἀποκτεῖναι
1584 1164 1627 1191 καῖ
1645 1163 1690 1199 τὴν
1708 1161 1788 1201 ἀρχὴν
1804 1175 1852 1191 κα-

1060 1209 1172 1241 τασχεῖν.
1199 1206 1222 1234 εἶ
1241 1200 1287 1234 οὖν
1304 1204 1350 1233 δύο
1369 1204 1478 1234 τοιούτω
1496 1206 1619 1234 δακτυλίω
1636 1207 1792 1244 γενοίσθην,
1811 1206 1855 1233 καὶ

1060 1248 1106 1277 τὸν
1122 1250 1169 1286 μὲν
1187 1246 1200 1276 ό
1220 1248 1317 1279 δίκαιος
1333 1251 1484 1285 περιθεῖτο,
1507 1247 1554 1276 τὸν
1571 1249 1598 1276 δὲ
1616 1246 1630 1276 ὁ
1650 1246 1748 1281 ἄδικος,
1772 1246 1855 1280 οὐδεὶς

1061 1289 1093 1319 ἀν
1109 1293 1218 1329 γένοιτο,
1237 1288 1271 1321 ὦς
1289 1289 1392 1322 δόξειεν,
1411 1289 1493 1321 οὕτως
1510 1288 1689 1327 ἀδαμάντινος,
1708 1289 1738 1322 ὃς
1753 1288 1785 1318 ἂν
1797 1291 1852 1327 μεί-

1060 1344 1124 1361 νειεν
1147 1336 1172 1360 ἐν
1193 1332 1224 1370 τῇ
1243 1331 1393 1369 δικαιοσύνῃ
1411 1333 1454 1359 καὶ
1472 1331 1620 1369 τολμήσειεν
1638 1330 1788 1368 ἀπέχεσθαι
1805 1332 1855 1360 τῶν

1062 1373 1201 1412 ἀλλοτρίων
1222 1375 1266 1402 καὶ
1281 1373 1320 1423 μὴ
1343 1372 1492 1407 ἅπτεσθαι,
1519 1374 1578 1406 ἐξὸν
1600 1373 1668 1411 αύτῷ
1690 1375 1734 1402 καῖ
1759 1378 1786 1402 ἐκ
1811 1374 1855 1410 τῆς

1062 1416 1162 1456 ἆγορᾶς
1179 1415 1287 1448 ἀδεῶς“
1277 1415 1293 1444 σ’
1310 1429 1333 1444 τι
1349 1416 1468 1453 βουλοιτο
1484 1416 1628 1453 λαμβάνειν,
1647 1429 1690 1444 και
1704 1416 1805 1448 εἶςιόντι
1818 1416 1855 1448 εἷς

1063 1466 1066 1480 ¹
1085 1459 1132 1491 τὰς
1150 1459 1232 1490 οἰκίας
1249 1460 1441 1497 συγγίγνεσθαι
1459 1458 1509 1495 ὅτῳ
1528 1459 1646 1496 βούλοιτο
1665 1471 1709 1487 και
1731 1457 1853 1488 ἀποκτιν-

1060 1501 1132 1530 νύναι
1149 1514 1193 1529 και
1211 1504 1236 1529 ἐκ
1254 1501 1355 1538 δεσμῶν
1371 1500 1439 1529 λυειν
1456 1500 1572 1533 ου’ςτινας
1589 1500 1717 1538 βούλοιτο,
1735 1502 1779 1529 καὶ
1791 1502 1853 1530 τάλ-

1060 1547 1093 1572 λα
1114 1543 1237 1581 πράττειν
1259 1547 1284 1571 ἐν
1306 1547 1361 1574 τοῖς
1383 1541 1537 1581 ἀνθρώποις
1558 1543 1672 1572 ἰσόθεον
1690 1542 1760 1572 ὄντα
1787 1542 1854 1572 οὕτω

1061 1587 1088 1614 δὲ
1106 1586 1173 1624 δρῶν
1191 1584 1265 1614 οὐδὲν
1283 1584 1315 1613 ἄν
1333 1584 1460 1623 διάφορον
1477 1585 1524 1614 τοῦ
1541 1588 1629 1624 ἑτέρου
1643 1589 1724 1619 ποιοῖ,
1744 1583 1796 1614 ἀλλ’
1813 1587 1855 1614 ἐπὶ

1061 1627 1156 1657 ταύτὸν
1179 1631 1242 1656 ιὀιεν
1264 1626 1414 1678 ἀμφότεροι.
1441 1629 1525 1656 καίτοι
1541 1631 1608 1667 μέγα
1625 1640 1703 1657 τουτο
1721 1640 1856 1666 τεκμηριον

1062 1684 1094 1699 αν
1114 1672 1178 1707 φαίη
1199 1681 1248 1703 τις,
1271 1670 1311 1698 ὅτι
1329 1668 1441 1702 οὐδεὶςε
1428 1670 1492 1698 εκών
1509 1671 1617 1703 δίκαιος,
1641 1669 1692 1698 ἀλλ
1710 1669 1854 1709 ἀναγκαζό-

1060 1724 1148 1751 μενος,
1171 1711 1206 1744 ὦς
1227 1711 1274 1741 οὗκ
1297 1711 1406 1751 ἀγαθοῦ
1430 1713 1481 1749 ἰδίᾳ
1503 1712 1590 1746 όντος,
1615 1713 1670 1741 ἐττει
1691 1712 1760 1741 ὅπου
1779 1711 1802 1752 γ’
1824 1725 1856 1741 αν

1062 1759 1146 1792 οἴηται
1165 1756 1273 1787 ἕκαστος
1290 1754 1345 1787 οιός
1362 1767 1389 1784 τε
1408 1752 1522 1784 εσεσθαι
1540 1753 1642 1788 ἀδικεῖν,
1662 1753 1764 1784 ἀδικεῖν.
1781 1757 1853 1784 λυσι-

1061 1801 1141 1827 τελεῖν
1157 1798 1209 1846 γάρ
1227 1798 1256 1833 δὴ
1275 1801 1356 1826 οἶεται
1375 1804 1378 1818 ¹
1397 1797 1450 1829 πᾶς
1467 1796 1530 1836 ἀνὴρ
1547 1797 1616 1826 πολὺ
1631 1798 1731 1835 μᾶλλον
1745 1797 1797 1834 ἰδίᾳ
1811 1797 1856 1833 τὴν

1063 1840 1162 1869 ἀδικίαν
1178 1841 1223 1876 τῆς
1241 1839 1414 1876 δικαιοσύνης,
1434 1838 1522 1876 ἀληθῆ
1541 1839 1671 1878 οἰόμενος,
1693 1851 1728 1872 ως
1743 1851 1823 1877 φησιν
1839 1852 1854 1868 ο

1060 1884 1120 1921 περὶ
1141 1883 1188 1912 τοῦ
1210 1881 1332 1911 τοιούτου
1353 1881 1434 1921 λόγου
1455 1885 1544 1921 λέγων·
1573 1883 1628 1911 ἐπεὶ
1643 1885 1672 1911 εἴ
1683 1893 1721 1914 τις
1737 1880 1856 1918 τοιαύτης

1062 1927 1181 1958 ἐξουσίας
1199 1923 1382 1962 ἐπιλαβόμενος
1397 1925 1475 1962 μηδὲν
1488 1936 1553 1953 ποτε
1569 1927 1658 1954 ἐθελοι
1673 1922 1792 1960 ἀδικῆσαι
1805 1937 1853 1962 μη-

1062 1969 1088 1996 δὲ
1107 1967 1205 2005 ἅψαιτο
1223 1967 1274 1996 τῶν
1292 1965 1441 2004 ἀλλοτρίων,
1466 1965 1632 1999 ἀθλιώτατος
1646 1969 1694 2004 μὲν
1712 1965 1744 1994 ἂν
1761 1965 1856 1999 δόξειεν

1061 2008 1126 2039 εἶναι
1147 2013 1203 2041 τοῖς
1225 2009 1430 2046 αἰσθανομένοις
1451 2010 1494 2037 καὶ
1516 2007 1702 2045 ἀνοητότατος,
1727 2012 1856 2037 ἐπαινοῖεν

1062 2051 1086 2080 δ’
1108 2051 1140 2081 ἂν
1162 2050 1241 2080 αὐτὸν
1264 2050 1377 2086 ἀλλήλων
1400 2053 1514 2080 ἐναντίον
1536 2051 1712 2083 ἐξαπατῶντες
1734 2049 1856 2087 ἀλλήλους

1062 2094 1104 2122 διὰ
1121 2094 1168 2123 τὸν
1184 2094 1232 2123 τοῦ
1250 2092 1401 2122 ἀδικεῖσθαι
1418 2093 1511 2130 φόβον.
1537 2093 1619 2122 ταῦτα
1636 2096 1683 2131 μὲν
1700 2088 1747 2122 οὖν
1763 2092 1794 2129 δὴ
1808 2092 1854 2122 οὗ·

1061 2148 1117 2168 τως
1160 2143 1201 2164 tv.
1221 2136 1274 2172 Τὴν
1291 2137 1317 2164 δὲ
1335 2138 1418 2174 κρίσιν
1436 2135 1514 2171 αὐτὴν
1531 2136 1579 2164 τσῦ
1597 2136 1654 2173 βίου
1670 2137 1729 2174 πὲρι
1742 2131 1778 2164 ὗν
1793 2141 1798 2156 ¹
1813 2137 1854 2164 λέ-

1060 2190 1152 2218 γομεν,
1175 2178 1220 2206 εὰν
1237 2177 1444 2216 διαστησώμεθα
1461 2177 1508 2207 τόν
1524 2190 1551 2206 τε
1570 2177 1734 2207 δικαιότατον
1750 2190 1795 2206 και
1810 2177 1856 2206 τὸν

1062 2219 1232 2271 ἀδικωτατον,
1252 2223 1304 2249 οἶοί
1320 2218 1340 2249 τ’
1358 2220 1479 2258 ἐσόμεθα
1497 2224 1581 2258 κρῖναι
1598 2219 1701 2258 ὀρθῶς·
1729 2220 1752 2248 εἳ
1769 2221 1796 2248 δὲ
1811 2218 1854 2257 μή,

1061 2262 1100 2292 οῧ.
1127 2265 1164 2294 τίς
1185 2275 1231 2292 ουν
1253 2263 1282 2298 δὴ
1308 2262 1323 2298 ἡ
1350 2262 1497 2313 διάστασις,-
1524 2262 1578 2298 ἥδε“
1603 2263 1682 2312 μηδὲν
1708 2260 1856 2300 ἀφαιρῶμεν

1059 2304 1122 2342 μήτε
1143 2305 1191 2334 τοῦ
1213 2303 1303 2333 ἀδίκου
1325 2303 1378 2333 ἀπὸ
1401 2306 1445 2341 τῆς
1466 2303 1575 2338 ἀδικίας,
1599 2304 1663 2342 μήτε
1688 2304 1737 2333 τοῦ
1757 2305 1856 2333 δικαίου

1062 2346 1115 2376 ἀπὸ
1142 2348 1186 2383 τῆς
1211 2346 1384 2382 δικαιοσυνης,
1416 2346 1480 2375 ἀλλὰ
1506 2350 1592 2376 τέλεον
1617 2347 1752 2399 ἑκάτερον
1763 2346 1800 2379 εἷς
1823 2345 1854 2375 τὸ

1061 2390 1155 2418 ἑαυτοῦ
1175 2389 1326 2427 ἐπιτήδευμα
1344 2391 1467 2427 τιθῶμεν.
1489 2390 1594 2442 πρῶἷον
1609 2402 1656 2427 μεν
1674 2401 1721 2418 ουν
1737 2401 1752 2418 ο
1769 2388 1856 2420 ἄδικος

1061 2431 1143 2469 ω’ςπερ
1166 2433 1191 2460 οἱ
1213 2433 1291 2460 δεινοι
1313 2433 1464 2470 δημιουργοὶ
1485 2434 1600 2460 ποιείτω·
1629 2443 1686 2460 οιον
1706 2430 1856 2469 κυβερνήτης

1062 2485 1140 2512 ακρος
1156 2473 1172 2509 ἢ
1191 2474 1280 2511 ιατρὸς
1296 2473 1330 2502 τά
1347 2486 1374 2502 τε
1393 2473 1507 2503 ἀδύνατα
1526 2477 1552 2502 ἐν
1569 2474 1600 2512 τῇ
1616 2476 1690 2511 τέχνη
1704 2474 1748 2502 καὶ
1761 2473 1795 2502 τὰ
1809 2473 1853 2501 δυ-

1060 2516 1126 2545 νατά
1145 2516 1336 2549 διαισθάνεται,
1355 2517 1399 2544 καὶ
1413 2521 1427 2534 *
1441 2520 1496 2548 τοῖς
1511 2519 1558 2554 μὲν
1575 2519 1702 2554 ἐπιχειρεῖ,
1719 2515 1753 2544 τὰ
1774 2517 1801 2544 δὲ
1815 2514 1854 2552 ἐᾷ·

1062 2559 1098 2587 ἔτι
1119 2559 1145 2587 δὲ
1168 2558 1213 2587 ἐὰν
1235 2557 1287 2596 ἀρα
1312 2571 1350 2596 πῃ
1377 2559 1476 2596 σφαλῇ,
1504 2558 1591 2590 ἱκανὸς
1617 2557 1852 2596 ἐπανορθοῦσθαι·

1062 2599 1129 2629 οὕτω
1155 2602 1199 2629 καὶ
1225 2600 1239 2630 ὁ
1267 2600 1355 2633 ἄδικος
1377 2601 1508 2639 ἐπιχειρῶν
1529 2599 1621 2638 ὀρθῶς
1640 2604 1696 2632 τοῖς
1718 2598 1855 2638 ἀδικήμασι

1062 2645 1227 2676 λανθανέτω,
1250 2643 1272 2671 εἶ
1292 2646 1375 2681 μέλλει
1397 2643 1501 2681 σφόδρα
1524 2642 1612 2674 ἄδικος
1632 2641 1705 2672 εἶναι.
1730 2642 1778 2671 τὸν
1797 2640 1852 2670 ἅλι-

1045 2718 1049 2722 ,
1063 2684 1190 2724 σκόμενον
1211 2687 1238 2714 δὲ
1260 2686 1361 2722 φαῦλον
1378 2684 1495 2724 ἧγητεόν·
1524 2684 1619 2721 ἐσχάτη
1635 2685 1688 2724 γάρ
1706 2683 1790 2713 ἀδικία
1807 2684 1853 2713 δοο

1878 747 1914 766 3⁶⁰
