1998 3084
193 1234 228 1251 ‘207

258 180 292 207 ’u

259 264 315 287 ΣΩ.
344 265 348 280 ¹
375 258 448 287 Ἀλλὰ
476 258 507 293 δὴ
533 256 628 286 τούτου
652 259 700 295 μὲν
726 258 761 285 ἔτι
783 256 831 285 κᾶν
853 255 928 285 ιῗλλαι
948 260 1052 293 φανεῖεν

261 300 414 332 ἀποδείξεις,
434 299 468 331 ὦς
486 301 542 336 ἐμοὶ
560 300 640 327 δοκεῖ·
663 298 694 327 τὸ
714 300 741 327 δὲ
757 301 926 336 προκείμενον
942 299 976 336 μὴ
995 303 1050 327 ἐπι-

259 343 411 379 λαθώμεθα
431 341 459 369 δι’
477 340 542 369 αὐτὰ
561 341 635 373 ἶδεῖν,
658 340 674 369 ὅ
690 353 715 369 τι
733 339 827 376 δήποτε
845 342 888 369 καὶ
905 343 1005 379 λέγεται
1021 341 1051 370 τὸ

257 385 322 422 μετὰ
344 384 421 419 δόξης
442 382 561 417 ἀληθοῦς
581 383 661 421 λόγον
677 382 882 420 προςγενόμενον
899 383 944 418 τὴν
960 386 1050 412 τελεω-

258 426 337 461 τάτην
355 425 494 462 ἐπιστήμην
510 427 650 463 γεγονέναι.
687 430 781 453 ΘΕΑΙ.
803 423 902 453 Οὐκοῦν
914 425 963 463 χρὴ
979 424 1051 463 ὄρᾶν.

258 474 313 496 ΣΩ.
340 471 403 505 Φέρε
426 466 468 502 δή,
490 469 515 494 τί
535 479 600 495 ποτε
622 466 741 503 βούλεται
762 466 809 495 τὸν
829 466 909 505 λόγον
925 466 985 504 ἡμῖν
1003 480 1049 503 ση-

255 512 366 547 μαίνειν,·
393 509 470 547 τριῶν
495 509 546 547 γὰρ
575 510 600 537 ἓν
620 510 646 537 τί
664 521 710 546 μοι
732 510 803 537 δοκεῖ
825 512 911 547 λέγειν.
956 515 1050 538 ΘΕΑΙ.

259 554 339 580 Τίνων
357 551 400 586 δη,·
444 556 499 578 ΣΩ.
520 551 557 579 Τὸ
574 554 621 588 μὲν
638 551 743 588 πρῶτον
759 554 820 586 εἴη’
841 550 873 579 ἆν
890 551 920 579 τὸ
939 551 984 587 τὴν
1002 551 1048 580 αὖ·

256 594 302 622 τοῦ
326 592 442 622 διάνοιαν
464 593 563 630 ἐμφανῆ
585 597 670 621 ποιεῖν
687 593 728 621 διὰ
746 593 832 629 φωνῆς
848 593 913 630 μετὰ
932 593 1051 631 ῥημάτων

255 648 282 664 τε
304 636 347 663 καὶ
369 634 516 672 ὀνομάτων,
545 634 627 673 ω’ςπερ
649 636 685 666 εἷς
706 647 854 673 κατοπτρον
875 635 890 670 ἦ
911 635 980 673 ὕδωρ
1006 636 1051 671 τὴν

256 678 336 709 δόξαν
354 677 542 714 ἐκτυπούμενον
558 678 595 708 εἷς
612 677 657 712 την
675 677 716 705 διὰ
735 677 781 705 τοῦ
800 677 933 714 στόματος
947 677 1017 716 ῥοήν
1035 677 1050 712 ἢ

256 732 287 748 ου
305 721 375 748 δοκεῖ
392 732 435 748 σοι
452 719 482 748 τὸ
502 720 622 748 τοιοῦτον
639 719 717 758 λόγος
734 718 810 753 εἷναις
855 725 949 748 ΘΕΑΙ.
961 719 1048 757 Ἐμοι-

254 774 291 800 γε.
318 762 365 790 τὸν
385 762 450 800 γοῦν
472 760 536 789 αὐτὸ
556 762 654 799 δρῶντα
673 764 753 799 λέγειν
770 764 860 798 φαμέν.
905 767 960 789 ΣΩ.
982 760 1048 790 Οὐκ-

256 805 303 832 οὖν
325 816 358 832 av
380 803 459 832 τοῦτο’
479 816 509 842 γε
531 804 583 835 πᾶς
599 807 684 832 ποιεῖν
703 803 811 835 δυιατὸς
828 804 933 832 θᾶττον
949 803 964 839 ἢ
983 816 1047 839 σχο-

255 848 384 883 λαίτερον,
402 846 432 874 τὸ
452 847 620 878 ἐνδείξασθαι
638 848 663 874 τί
680 847 750 874 δοκεῖ
765 846 825 883 περὶ
842 845 954 874 ἑκάστου
972 844 1049 882 αὐτῷ,

255 887 269 917 ἆ
291 888 326 925 μὴ
348 887 452 927 ἐνερς”
438 901 452 923 η
474 888 561 924 κωφὸς
584 886 626 915 ἇπ
649 886 738 925 ἀρχῆς·
771 889 814 915 καὶ
837 887 918 919 οὕτως
940 887 1001 916 ὅσοι
1026 900 1050 915 τι

257 929 346 969 ὀρθὸν
359 928 514 963 δοξάζουσι,
532 929 628 961 πάντες
646 928 708 958 αὐτὸ
727 930 791 967 μετὰ
812 936 815 949 ¹
835 929 916 968 λόγου
933 929 1047 966 φανοῦν-

254 985 297 1001 ται
320 974 431 1008 ἔχοντες,
459 972 502 1000 καὶ
525 971 642 1009 οὐδαμοῦ
665 973 700 1000 ἔτι
722 970 794 1009 ὀρθὴ
817 971 881 1003 δόξα
897 973 975 1009 χωρὶς
994 975 1048 999 ἐπι-

256 1026 352 1051 στημης
372 1013 515 1053 γενήσεται.
560 1019 654 1042 ΘΕΑΙ.
676 1014 782 1049 Λληθῆ.
826 1019 881 1041 ΣΩ.
900 1014 948 1049 Μὴ
965 1016 1051 1042 τοίνυν

256 1058 348 1095 ῥαδίως
365 1055 615 1110 καταγιγνώσκωμεν
631 1055 659 1084 τὸ
677 1057 756 1093 μηδὲν
773 1056 898 1104 εἰρηκέναι
915 1056 962 1084 τὸν
980 1054 1048 1084 ἆπο-

254 1098 402 1136 φηνιὶμενον
424 1097 576 1135 ἐπιστήμην,
600 1098 615 1126 ὅ
637 1098 682 1126 νῦν
704 1098 859 1135 σκοποῦμεν.
887 1101 949 1130 ἴσως
965 1097 1017 1151 γὰρ
1036 1096 1050 1125 ὁ

255 1144 334 1179 λέγων
355 1139 387 1169 οὗ
408 1141 486 1169 τοῦτο
510 1142 604 1179 ἔλεγεν,
628 1138 692 1168 ἀλλὰ
714 1140 744 1168 τὸ
767 1143 931 1178 ἐρωτηθέντα
949 1142 974 1168 τί
991 1141 1048 1168 ἕκα-

256 1196 320 1212 στον
342 1183 451 1211 δυνατὸν
472 1188 537 1211 εἰναι
558 1182 604 1218 τὴν
625 1181 764 1220 ἀπόκρισιν
786 1182 828 1210 διὰ
850 1195 901 1211 των
919 1184 1052 1218 στοιχείων

257 1224 402 1254 ἀποδοῦναι
420 1229 432 1243 *
450 1225 485 1262 τῷ
507 1227 624 1269 ἐρομένῳ.
669 1230 764 1253 ΘΕΑΙ
789 1223 851 1254 Οἷον
872 1227 898 1253 τί
917 1227 1008 1263 λέγεις,
1031 1225 1050 1252 ὠ

254 1267 403 1305 Σώκρατες;
447 1273 503 1295 ΣΩ.
528 1265 590 1296 Οἷον
611 1268 654 1294 καὶ
669 1266 793 1298 (Ησίοδος
814 1268 875 1304 περὶ
893 1265 992 1304 ἇμαξης
1009 1269 1048 1295 λε’

254 1322 293 1348 γει
314 1310 345 1338 τὸ
367 1309 460 1338 ἑκατὸν
481 1310 509 1337 δέ
528 1321 556 1338 τε
574 1307 686 1347 δούραθ
705 1308 811 1346 ἇμαξης.
840 1308 856 1337 ἁ
875 1309 923 1347 ἐγὼ
940 1312 987 1346 μὲν
1005 1307 1050 1337 οὐκ

256 1351 288 1380 ιῖν
305 1353 427 1389 δυναίμην
443 1352 536 1384 εἰπεῖν,
555 1350 627 1388 οἶμαι
645 1352 672 1379 δὲ
691 1350 750 1380 οὐδὲ
768 1351 812 1380 m}-
841 1350 893 1379 ἀλλ’
912 1349 1052 1390 ἇγαπῷμεν

255 1407 287 1423 αν
310 1397 483 1448 ἐρωτηθέντες
505 1393 520 1422 ὅ
542 1395 567 1422 τί
588 1397 658 1422 ἐστιν
680 1393 781 1430 α’μαξα,
807 1393 830 1422 εἷ
853 1395 953 1431 ἔχοιμεν
971 1394 1051 1422 εἰπεῖν

255 1438 355 1475 τροχοί,
389 1435 471 1469 α’ξων,
496 1435 647 1486 υπερτερία,
676 1447 794 1474 αντυγες,
823 1435 905 1474 ζυγόν.
956 1441 1050 1464 ΘΕΑΙ.

255 1478 332 1507 Πάνυ
352 1481 399 1516 μὲν
421 1479 474 1507 οὐν.
518 1484 573 1506 ΣΩ.
594 1477 622 1506 Ὁ
644 1479 672 1506 δέ
691 1490 721 1516 γε
744 1481 805 1509 ἴσως
827 1476 899 1506 οἷὀιτ
922 1477 954 1506 ἂν
977 1476 1050 1515 ημᾶς,

254 1520 336 1559 ὥςπερ
355 1520 386 1549 ἂν
403 1520 433 1549 τὸ
452 1520 502 1549 σὸν
519 1519 603 1558 ὄνομα
622 1523 800 1558 ε’ρωτηθέντας
816 1533 861 1548 και
879 1519 1049 1558 ἀποκρινομέ-

253 1575 314 1595 νους
331 1563 396 1591 κατὰ
417 1562 555 1599 συλλαβήν,
577 1564 694 1601 γελοίους
711 1575 787 1595 ειναι,
808 1569 811 1583 ¹
832 1561 924 1600 ὀρθῶς
939 1565 986 1599 μὲν
1004 1563 1049 1591 δσ-

253 1605 378 1638 ξαζοντας
395 1618 436 1633 και
456 1608 578 1643 λέγοντας
596 1604 613 1632 α’
630 1607 749 1643 λέγομεν,
769 1605 903 1642 οἰομένους
921 1606 947 1633 δὲ
964 1617 1048 1654 γραμ-

251 1648 375 1686 ματικοὺς
392 1646 457 1676 εἶναι
473 1648 516 1675 καὶ
535 1648 599 1682 ἔχειν
616 1659 643 1675 τε
657 1660 701 1675 και
715 1650 795 1686 λέγειν
808 1647 991 1685 γραμματικῶς
1005 1647 1052 1675 τὸν

253 1690 300 1719 τοῦ
324 1689 466 1740 Θεαιτήτου
488 1688 618 1727 ὀνόματος
639 1689 727 1728 λόγον
755 1689 784 1718 τὸ
804 1688 828 1717 δ
846 1688 892 1718 οὐκ
910 1694 975 1718 εἰναι
993 1693 1049 1717 ἑπι-

254 1731 387 1770 στημόνως
404 1731 479 1761 οὐδὲν
496 1735 584 1770 λέγειν,
602 1733 663 1769 πρὶν
681 1731 713 1759 ἄν
730 1732 772 1759 διὰ
790 1732 841 1760 τῶν
856 1733 990 1768 στοιχείων
1002 1743 1048 1769 με

253 1775 285 1803 τὰ
303 1775 347 1810 τῆς
365 1773 484 1810 αληθοῦς
502 1774 604 1809 δόξης*
595 1775 706 1802 ἕκαστον
721 1776 831 1811 περαίνη
852 1785 901 1807 τις,
925 1773 989 1811 ὅπερ
1007 1787 1051 1802 και

253 1821 279 1845 ἐν
300 1820 355 1849 τοῖς
375 1816 500 1854 πρόσθεν
521 1829 574 1845 που
596 1815 703 1854 ἐρρηθη.
747 1821 841 1845 ΘΕΑΙ.
859 1815 973 1855 Εῤῥήθη
990 1816 1049 1854 γάρ.

253 1865 308 1887 ΣΩ.
334 1859 407 1887 Οὕτω
429 1861 515 1887 τοίνυν
536 1860 580 1886 καὶ
600 1859 659 1896 περὶ
683 1857 782 1896 ἆμοίξης
803 1857 871 1895 ἡμᾶς
890 1861 937 1896 μὲν
963 1857 1050 1896 ὀρθὴν

254 1904 318 1937 ἔχειν
336 1901 427 1933 δόξαν,
446 1901 493 1930 τὸν
510 1902 537 1929 δὲ
555 1901 596 1929 διὰ
615 1901 665 1929 τῶν
682 1900 775 1930 ἑκατὸν
793 1903 892 1929 ἐκείνων
910 1900 1050 1938 δυνάμενον

254 1945 367 1973 διελθεῖν
385 1942 463 1979 αὐτῆς
479 1943 525 1979 τὴν
543 1950 547 1964 ¹
568 1941 671 1975 ουσίαν,
694 1942 875 1981 προςλαβόντα
893 1943 984 1976 τοῦτο,
1003 1943 1047 1971 λό-

252 1998 301 2025 γον
321 1998 348 2014 τε
370 1988 565 2023 προςειληφέναι
587 1985 618 2023 τῇ
637 1984 734 2033 ἀληθεῖ
751 1984 815 2022 δόξῃ
833 1986 876 2013 καὶ
895 1984 951 2014 ἀντὶ
969 1987 1047 2017 δοξα-

254 2029 342 2057 στικοῦ
365 2027 479 2063 τεχνικόν
500 2040 527 2056 τε
549 2029 592 2056 καῖ
615 2028 774 2065 ἐπιστημονα
795 2040 854 2065 περι
877 2026 976 2065 ἁμάξης
1002 2026 1047 2056 οὗ-

253 2073 311 2102 σίας
336 2072 481 2109 γεγονέναι,
515 2070 557 2098 διὰ
585 2072 718 2105 στοιχείων
743 2070 773 2098 τὸ
801 2069 863 2098 ὅλον
891 2082 1048 2108 περαναντα.

253 2118 347 2141 ΘΕΑΙ.
373 2111 472 2141 Ουκοῧν
493 2113 521 2140 εὐ
543 2113 614 2141 δοκεῖ
635 2125 690 2145 σοι,
713 2113 733 2140 ὦ
750 2111 899 2149 Σωκρατεςς
943 2118 998 2140 ΣΩ.
1018 2112 1049 2140 Εἰ

253 2157 307 2187 σοί,
327 2167 346 2183 ω
364 2156 461 2192 ἑταῖρε,
481 2156 562 2187 δοκεῖ,
586 2155 629 2182 καὶ
648 2153 768 2190 ἆποδέχει
786 2155 831 2189 τὴν
848 2155 890 2182 διὰ
908 2154 956 2183 τοῦ
974 2167 1046 2183 στοι-

250 2199 323 2232 χείου
341 2198 456 2229 διέξοδον
473 2209 532 2234 περι
550 2197 663 2225 ἕκαστον
680 2196 761 2235 λόγον
778 2195 855 2229 εἶναι,
874 2197 919 2232 τὴν
937 2198 964 2225 δὲ
982 2197 1048 2225 κατὰ

253 2239 382 2276 συλλαβὰς
403 2238 418 2274 ἢ
440 2240 484 2267 καὶ
506 2239 572 2267 κατὰ
593 2242 680 2276 μεῖζον
702 2240 737 2267 ἔτι
760 2237 879 2277 ἀλογίαν,
907 2238 987 2267 τοῦτο’
1003 2251 1048 2287 μοι

251 2285 319 2320 λέγε,
346 2279 376 2309 ἵν’
401 2280 464 2310 αυτὸ
493 2288 497 2302 ¹
526 2282 713 2318 ἐπισκοπῶμεν.
757 2287 851 2310 ΘΕΑΙ.
878 2281 952 2310 Λλλὰ
979 2281 1049 2309 πάνυ

252 2323 422 2361 ἀποδέχομαι
465 2329 521 2351 ΣΩ.
531 2323 661 2374 ..Πότερον
678 2322 822 2374 ἦγουμενος
836 2323 995 2361 ἐπιστήμονα
1010 2322 1046 2352 εἶ-

251 2379 293 2394 ναι
311 2365 429 2394 οντινσῦν
447 2364 569 2399 οτουοῦν,
593 2365 658 2394 ὅταν
674 2366 705 2394 τὸ
724 2364 788 2394 αὐτὸ
808 2364 852 2394 6τὲ
868 2368 916 2403 μὲν
933 2365 980 2394 τοῦ
999 2364 1046 2394 αὐ-

251 2409 297 2437 τοιῦ
316 2408 379 2445 δοκῆ
398 2406 468 2445 αὐτῷ
484 2406 556 2440 εἶναι,
581 2411 641 2437 τοτὲ
659 2409 685 2436 δὲ
703 2410 802 2446 ἑτέρου,
825 2407 840 2444 ἢ
858 2409 902 2436 καὶ
920 2408 984 2437 ὅταν
1000 2408 1048 2437 τοῦ

252 2449 332 2479 αὐτοῦ
349 2453 409 2479 τοτὲ
424 2452 472 2487 μὲν
487 2451 580 2488 ἕτερον,
600 2453 658 2479 τοτὲ
674 2451 701 2478 δὲ
717 2451 804 2488 ἕτερον
818 2449 928 2488 δοξάζῃς
953 2456 1046 2479 ΘΕΑῙ.

249 2493 301 2521 Μὰ
321 2491 363 2520 Δί’
380 2491 426 2520 οὐκ
445 2494 531 2531 ἔγωγε.
575 2498 631 2521 ΣΩ.
651 2491 714 2521 Εἶτα
733 2491 887 2530 αμνημονεῖς
905 2496 931 2521 ἐν
947 2493 979 2530 τῇ
996 2493 1048 2521 τῶν

248 2534 408 2573 γραμμάτων
432 2534 551 2571 μαθήσει
573 2533 628 2563 κατ’
650 2533 739 2576 ἇρχὰς
754 2534 853 2563 σαυτόν
874 2547 901 2563 τε
922 2536 966 2563 καὶ
987 2535 1048 2567 τοὺς

251 2576 343 2609 αλλους
365 2576 478 2614 δρῶντας
496 2575 576 2611 αὐτάς
619 2582 713 2605 ΘΕΑΙ.
732 2578 792 2614 Ἀρα
811 2580 890 2615 λέγεις
907 2577 951 2613 τῆς
969 2576 1047 2613 αὐτῆς

250 2619 376 2656 συλλαβῆς
392 2631 452 2648 τοτε
467 2622 515 2657 μὲν
532 2619 626 2657 ἕτερον,
644 2622 703 2648 τοτὲ
719 2620 746 2648 δὲ
766 2626 769 2640 ¹
789 2620 876 2657 ἕτερον
890 2618 1047 2658 ἡγουμένους

246 2661 366 2700 γράμμα,
389 2674 433 2690 και
454 2661 484 2690 τὸ
508 2660 571 2690 αὐτὸ
594 2664 655 2690 τοτὲ
674 2664 722 2699 μὲν
739 2661 775 2693 εἷς
792 2664 838 2697 τὴν
853 2661 1044 2699 προςήκουσαν,

247 2706 305 2732 τοτὲ
324 2705 350 2732 δὲ
368 2704 404 2736 εἷς
419 2703 496 2740 ἆλλην
512 2706 634 2735 τιθέντας
649 2703 790 2741 συλλαβήν;
825 2709 880 2732 ΣΩ.
898 2704 987 2733 Ταῦτα
1003 2707 1043 2733 λε’-

933 178 1229 205 PLATONIS

1190 262 1283 286 ΘΕΑΙ.
1306 256 1357 285 Μὰ
1380 255 1423 285 Δί’
1444 269 1476 286 ου
1497 259 1583 286 τοίνυν
1605 255 1754 295 ἇμνημονῶ,
1782 256 1841 287 οὗδέ
1864 261 1895 297 γε’

1837 306 1893 329 ΣΩ.

1100 270 1146 296 γω.

1101 312 1142 328 ηω
1168 299 1279 350 ἡγοῦμαι
1306 300 1469 327 ἐπίστασθαι
1494 299 1555 331 τοὺς
1580 310 1661 331 ουτως
1682 301 1794 335 ἔχοντας.

1103 344 1135 370 Τί
1152 355 1209 375 ουν;
1229 340 1293 370 ὅταν
1310 344 1337 368 ἐν
1354 340 1388 378 τῷ
1405 341 1514 379 τοιούτῳ
1532 342 1611 379 καιρῷ
1630 344 1771 377 Θεαίτητον
1787 354 1894 380 γραφων

1102 396 1139 425 τις
1157 384 1229 419 θῆτα
1247 395 1291 411 και
1307 394 1319 411 ε
1338 385 1424 418 σιἠταί
1440 395 1467 412 τε
1484 385 1537 412 δεῖν
1552 396 1662 422 γραφειν
1678 396 1722 411 και
1734 394 1834 422 γραψῃ,
1852 386 1895 412 καὶ

1103 427 1135 454 αὖ
1154 431 1166 443 *
1186 424 1322 462 Θεόδωρον
1340 425 1471 463 ἐπιχειρῶν
1482 438 1596 476 γραφειν
1612 426 1661 454 ταῦ
1679 426 1723 454 καὶ
1739 431 1753 454 ε’
1770 428 1855 462 οἴηταί
1867 438 1894 455 τε

1102 470 1154 496 δεῖν
1170 466 1280 517 γράφειν
1297 479 1339 494 και
1357 466 1456 505 γράψη,
1476 464 1515 505 αρ’
1533 469 1697 496 ἐπίστασθαι
1711 467 1829 505 φήσομεν
1846 466 1892 496 αὖ-

1102 510 1148 538 τὸν
1173 509 1218 545 τὴν
1243 508 1347 559 πρώτην
1373 509 1424 537 τῶν
1444 508 1571 547 ὑμετέρων
1593 508 1728 559 ὀνοματων
1755 509 1893 546 συλλαβήν,-

1102 557 1196 580 ΘΕΑΙ
1222 549 1284 580 Λλλ
1311 550 1368 588 ἇρτι
1395 549 1600 593 ὡμολογήσαμεν
1623 552 1670 580 τὸν
1696 551 1777 583 ου’τως
1803 553 1895 587 ἔχοντα

1100 606 1176 631 μηπω
1198 593 1299 622 εἰδέναι.
1342 598 1397 621 ΣΩ.
1416 593 1517 621 Κωλύει
1535 605 1581 622 ουν
1597 606 1621 622 τι
1638 594 1682 621 καὶ
1698 595 1758 631 περὶ
1775 593 1820 629 τὴν
1837 595 1893 622 δευ-

1101 637 1177 673 τέραν
1189 635 1326 685 συλλαβὴν
1347 636 1391 663 καὶ
1412 637 1498 673 τρίτην
1518 648 1561 663 και
1582 634 1705 685 τετάρτην
1727 635 1808 667 οὕτως
1832 637 1895 672 ἔχειν

1101 678 1147 706 τὸν
1165 676 1258 710 αὖτόν;
1294 682 1389 706 ΘΕΑΙ.
1411 676 1490 706 Ουδέν
1506 689 1544 716 γε.
1579 683 1635 705 ΣΩ.
1653 676 1702 715 Ἀρ
1714 679 1760 706 οὖν
1777 677 1836 706 τότε
1850 677 1895 713 τὴν

1101 720 1142 748 διὰ
1165 722 1295 755 στοιχείου
1317 720 1432 751 διέξοδον
1458 721 1520 756 ἔχων
1545 719 1642 758 γράψει
1666 721 1806 755 Θεαίτητον
1830 719 1895 757 μετὰ

1101 761 1186 799 ὀρθῆς
1208 762 1295 797 δόξης,
1323 761 1387 790 ὅταν
1409 762 1466 797 ἑξῆς
1486 774 1588 800 γραφηέ
1633 767 1726 790 ΘΕΑΙ.
1751 762 1835 797 Δῆλον
1857 761 1894 798 δή.

1100 810 1156 832 ΣΩ.
1176 810 1180 825 ¹
1202 803 1302 832 Οὐκοῦν
1320 805 1355 832 ἔτι
1374 802 1553 841 ἀνεπιστήμων
1569 803 1616 836 ὧν,
1636 802 1710 841 ὀρθὰ
1729 805 1756 832 δὲ
1774 803 1894 837 δοξάζων,
1919 811 1936 829 Β

1100 845 1134 877 ὦς
1154 849 1251 883 φαμένς
1295 851 1388 874 ΘΕΑΙ.
1408 847 1471 874 Ναί.
1515 851 1571 874 ΣΩ.
1589 845 1680 884 Λογον
1700 858 1730 884 γε
1753 847 1816 882 ἔχων
1829 845 1896 880 μετὰ

1102 887 1188 925 ὀρθῆς
1210 887 1292 923 δόξης.
1319 887 1365 923 τὴν
1385 888 1437 926 γὰρ
1460 887 1501 916 διὰ
1524 888 1570 916 τοῦ
1593 890 1723 923 στοιχείου
1745 887 1808 916 οδὸν
1834 889 1896 924 ἔχων

1102 932 1220 980 ἐγραφεν,
1239 929 1270 965 ἣν
1288 930 1317 965 δὴ
1335 929 1414 971 λόγον
1432 929 1642 980 ὡμολογήσαμεν.
1679 930 1896 980 ΘΕΑΙ.)1ληθη.

1101 978 1157 1000 ΣΩ.
1172 971 1257 1000 Ἔστιν
1276 971 1336 1010 α’ρα,
1355 973 1375 1000 ὦ
1393 974 1486 1010 ἑταῖρε,
1504 972 1568 1009 μετὰ
1587 971 1668 1011 λόγου
1686 970 1758 1009 ὀρθὴ
1776 971 1876 1005 δόξα,ι
1866 984 1897 1008 ην

1102 1013 1174 1042 οὔπω
1190 1015 1229 1043 δεῖ
1243 1013 1383 1051 ἐπιστημην
1397 1017 1490 1042 καλεῖν.
1518 1020 1612 1043 ΘΕΑΙ.
1628 1013 1782 1043 Κινδυιεύει.
1809 1017 1895 1042 xmu.

1101 1062 1156 1084 ΣΩ.
1169 1055 1247 1093 Ὀναρ
1263 1056 1301 1089 δή,
1320 1055 1354 1087 ὧς
1369 1057 1456 1089 ἔοικεν,
1476 1056 1669 1093 ἐπλουτησαμεν
1684 1057 1841 1092 οἶηθὲντες’
1833 1058 1897 1092 ἔχειν

1101 1099 1147 1127 τὸν
1170 1097 1353 1134 ἀληθέστατον
1375 1097 1514 1135 ἐπιστήμης
1535 1098 1622 1137 λόγον.
1648 1097 1664 1134 ἢ
1682 1098 1761 1136 μήπω
1783 1110 1894 1161 κατηγο-

1101 1140 1197 1178 ρῶμεν;
1224 1143 1286 1172 ἴσως
1303 1140 1354 1179 γὰρ
1374 1139 1405 1169 οὗ
1422 1140 1502 1169 τοῦτο’
1519 1152 1556 1172 τις
1574 1139 1654 1169 αυτὸν
1671 1139 1812 1178 οριεῖται,Ι
1832 1139 1896 1168 ἀλλὰ
1921 1145 1937 1165 0

1100 1183 1131 1211 τὸ
1149 1183 1242 1211 λοιπὸν
1259 1181 1327 1232 εἶδος
1343 1182 1394 1211 τῶν
1410 1183 1498 1220 τριῶν,
1521 1184 1556 1211 ὠν
1574 1184 1599 1211 ἓν
1616 1185 1646 1221 γέ
1662 1195 1687 1211 τι
1704 1184 1801 1220 ἔφαμεν
1817 1181 1897 1221 λόγον

1102 1224 1245 1260 θήσεσθαι
1265 1225 1311 1253 τὸν
1334 1225 1474 1262 ἐπιστήμην
1495 1224 1612 1263 οριζόμι-ῑτ
1614 1238 1643 1253 ον
1666 1224 1746 1257 δόξαν
1767 1230 1832 1253 εἶναι
1849 1223 1894 1275 ὄρ-

1102 1268 1156 1303 θὴν
1172 1267 1237 1305 μετὰ
1255 1266 1344 1306 λόγου.
1387 1272 1481 1308 &EA—1.
1498 1265 1601 1305 Ορθῶς
1617 1266 1775 1304 ὑπέμνησας·
1796 1268 1832 1296 ἔτι
1845 1266 1896 1305 γὰρ

1102 1310 1128 1338 ἓν
1145 1308 1244 1338 λοιπόν.
1271 1309 1301 1338 τὸ
1319 1311 1366 1347 μὲν
1381 1309 1433 1347 γὰρ
1450 1310 1481 1344 ἠν
1499 1310 1613 1341 διανοίας
1631 1313 1657 1337 ἐν
1673 1309 1746 1346 φωνῇ
1762 1308 1844 1347 ὥςπερ
1859 1312 1894 1337 εἴ-

1102 1353 1196 1384 δωλον,
1218 1351 1248 1380 τὸ
1272 1350 1296 1379 δ’
1319 1351 1377 1389 α’ρτι
1398 1354 1493 1386 λεχθὲν
1516 1352 1557 1379 διὰ
1580 1353 1710 1387 στοιχείου
1728 1351 1790 1383 ὁδὸς
1807 1351 1849 1379 ἐπι
1865 1350 1896 1379 τὸ

1103 1393 1175 1422 ὅλον·
1203 1393 1233 1422 τὸ
1257 1395 1284 1422 δὲ
1306 1393 1336 1429 δὴ
1358 1395 1445 1445 τρίτον
1465 1395 1491 1422 τί
1511 1396 1601 1432 λε’γεις,·
1645 1399 1700 1422 ΣΩ
1720 1393 1798 1431 Οπερ
1821 1392 1853 1421 ἂν
1871 1394 1897 1422 οἳ

1101 1437 1194 1465 πολλοι
1215 1439 1324 1468 εἴποιεν,
1350 1436 1380 1464 τὸ
1409 1437 1473 1471 ἔχειν
1499 1448 1523 1464 τι
1550 1439 1656 1473 σημεῖον
1682 1436 1774 1468 εἰπεῖν,
1802 1437 1822 1472 ᾠ
1847 1435 1897 1464 τῶν

1103 1477 1225 1507 απάντων
1251 1479 1364 1515 διαφέρει
1390 1478 1420 1506 τὸ
1447 1481 1585 1515 ἐρωτηθὲν.
1630 1483 1723 1506 ΘΕΑΙ.
1754 1476 1816 1506 Οἷον
1841 1479 1896 1506 τίνα

1101 1523 1170 1552 τίνος
1192 1522 1255 1556 ἔχεις
1270 1533 1316 1558 μοι
1333 1520 1413 1558 λογον
1429 1520 1522 1554 εἷπεινς

1101 1562 1173 1598 ἡλίου
1190 1565 1248 1600 πέρι
1266 1562 1355 1591 ἱκανὸν
1373 1564 1446 1600 οἶμαί
1460 1575 1504 1591 σοι
1517 1561 1582 1591 εἶναι
1598 1561 1821 1595 ἀποδέξασθαι,
1812 1561 1851 1590 σ’τι
1865 1561 1895 1590 τὸ

1101 1604 1288 1643 λαμπρότατόν
1309 1608 1364 1633 ἐστι
1381 1604 1432 1633 τῶν
1449 1617 1516 1633 κατα
1533 1605 1580 1633 τὸν
1598 1603 1710 1642 οὐρανὸν
1729 1603 1821 1633 ἰόντων
1837 1605 1896 1642 περὶ

1100 1648 1155 1686 γῆν.
1200 1653 1294 1676 ΘΕΑΙ.
1312 1646 1390 1675 Πανυ
1406 1649 1453 1684 μὲν
1471 1660 1524 1675 ουν.
1559 1652 1615 1675 ΣΩ
1633 1647 1707 1684 Λαβὲ
1725 1646 1755 1682 δὴ
1774 1648 1805 1675 οὐ
1821 1645 1897 1684 χάριν

1101 1693 1206 1727 εἴρηται.
1234 1691 1288 1718 ἔστι
1306 1689 1362 1717 δὲ
1351 1689 1416 1727 ὅπερ
1435 1688 1493 1727 ἄρτι
1511 1691 1636 1732 ἐλέγομεν,
1655 1700 1690 1721 ως
1707 1688 1759 1727 ὅτ’ρα
1776 1688 1822 1725 τὴν
1839 1690 1895 1717 δια-

1100 1745 1188 1769 φοραν
1209 1731 1322 1760 ἕκαστον
1344 1744 1376 1760 αν
1397 1731 1540 1769 λαμβάνης,
1567 1733 1584 1769 ᾑ
1606 1732 1657 1760 τῶν
1675 1730 1757 1759 α’λλων
1775 1732 1896 1769 διαφέρει,

1101 1774 1192 1813 λόγον,
1215 1773 1249 1806 ω’ς
1269 1775 1338 1827 φασί
1353 1785 1429 1806 τινες,
1452 1773 1537 1811 ληψει
1565 1774 1611 1805 ἕως
1632 1772 1656 1801 δ’
1674 1786 1706 1802 αν
1723 1773 1812 1802 κοινοῦ
1829 1784 1897 1805 τινος

1102 1816 1214 1858 ἐφαπτῃ,
1233 1818 1332 1845 ἐκείνων
1348 1819 1406 1854 πέρι
1424 1828 1467 1845 σοι
1486 1818 1558 1845 ἔσται
1576 1829 1591 1845 ο
1609 1815 1694 1854 λόγος,
1713 1817 1749 1844 ὠν
1764 1815 1797 1844 ἂν
1809 1814 1825 1851 ἦ
1839 1827 1894 1844 κοι-

1101 1859 1176 1894 νότης
1196 1859 1221 1896 ᾗ.

1102 1903 1166 1937 ἔχειν
1187 1900 1267 1940 λόγον
1288 1901 1318 1929 τὸ
1340 1901 1461 1929 τοιοῦτον
1481 1903 1574 1929 καλεῖν.
1618 1906 1674 1929 ΣΩ.
1689 1898 1733 1932 Ὃς
1750 1898 1774 1928 δ’
1795 1899 1826 1928 ἆν
1841 1897 1895 1937 μετ’

1101 1943 1188 1981 ορθῆς
1209 1943 1286 1979 δόξης
1306 1944 1365 1980 περὶ
1388 1942 1499 1971 ὁτουοῦν
1520 1943 1572 1971 τῶν
1594 1941 1676 1971 σ’ντων
1696 1942 1742 1978 τὴν
1768 1941 1898 1994 διαφορὰν

1101 1986 1151 2014 τῶν
1169 1985 1252 2014 ἄλλων
1269 1984 1409 2026 προςλαβη,
1430 1984 1510 2014 αὐτοῦ
1529 1984 1674 2022 ἐπιστήμων
1686 1984 1801 2023 γεγονὼς
1815 1985 1896 2017 ἐσται,

1101 2030 1132 2057 οὐ
1150 2027 1279 2066 πρότερον
1295 2028 1326 2063 ἦν
1343 2027 1478 2068 δοξαστῄς.
1523 2033 1616 2055 ΘΕΑΙ
1639 2029 1726 2065 Φαμὲν
1741 2038 1772 2066 γε
1785 2026 1835 2064 μὴν
1850 2039 1894 2055 ου-

1100 2083 1143 2099 τω.
1186 2075 1243 2098 ΣΩ.
1264 2069 1322 2098 Νὗν
1340 2070 1415 2105 δῆτα,
1434 2070 1454 2097 ὠ
1474 2071 1603 2105 Θεαίτητε,
1621 2081 1792 2098 πανταπασιν
1793 2070 1896 2118 “371'0715

1101 2112 1186 2148 ἐπειδὴ
1205 2112 1279 2150 ἐγγὺς
1296 2112 1378 2149 ὥςπερ
1397 2111 1629 2150 σκιαγραφήματος
1644 2114 1740 2150 γέγονα
1758 2111 1806 2140 τοῧ
1820 2114 1894 2149 λεγο-

1098 2157 1184 2192 μένου,
1203 2156 1301 2191 ξυνίημι
1320 2152 1379 2182 οὐδὲ
1398 2154 1516 2192 σμικρόν·
1536 2155 1582 2186 ἕως
1600 2155 1626 2183 δὲ
1645 2152 1775 2190 ἀφεστήκη
1789 2152 1894 2192 πόῤῥω-

1100 2201 1162 2230 θεν,
1181 2196 1299 2233 ἐφαίνετό
1317 2198 1342 2224 τί
1357 2208 1403 2233 μοι
1419 2199 1555 2235 λέγεσθαι.

1099 2252 1143 2273 το,·
1178 2244 1234 2267 ΣΩ.
1253 2243 1265 2257 *
1287 2238 1392 2276 Φρασω,
1412 2239 1457 2267 ἐὰν
1475 2237 1530 2270 οἰός
1546 2250 1574 2267 τε
1587 2241 1706 2277 γένωμαι.
1729 2236 1846 2276 ορθηνή
1831 2249 1894 2276 εγω-

1097 2294 1128 2321 γε
1150 2283 1214 2317 ἔχων
1236 2280 1316 2313 δόξαν
1336 2281 1396 2318 περὶ
1414 2281 1476 2314 σοῦ,
1500 2281 1546 2309 ἐὰν
1565 2283 1612 2319 μὲν
1628 2279 1765 2319 προςλαβω
1783 2279 1830 2309 τὸν
1847 2279 1896 2308 σόν

1099 2324 1190 2362 λόγον,
1215 2322 1349 2362 γιγνώσκω
1376 2322 1406 2358 δή
1433 2336 1476 2356 σε,
1502 2323 1525 2352 εἳ
1552 2324 1579 2352 δὲ
1603 2322 1650 2360 μή,
1682 2322 1781 2355 δοξαζω
1805 2321 1895 2359 μόνον.

1100 2371 1193 2395 ΘΕΑΙ
1213 2367 1277 2394 Ναί.
1321 2371 1376 2393 ΣΩ.
1395 2365 1486 2404 Λογος
1503 2367 1531 2394 δέ
1546 2377 1576 2404 γε
1593 2367 1624 2401 ἦν
1640 2364 1656 2401 ἦ
1673 2364 1718 2400 τῆς
1736 2364 1783 2400 σῆς
1799 2365 1893 2415 διαφοῗ-

1099 2408 1208 2446 ρότητος
1233 2409 1358 2456 ἑρμηνεία.
1403 2413 1497 2436 ΘΕΑΙ.
1528 2407 1620 2439 Ουτως.
1664 2412 1720 2435 ΣΩ.
1745 2404 1823 2434 ‘Hm'x'
1849 2407 1896 2435 οὖν

1100 2451 1221 2483 ἐδοξαζον
1236 2450 1326 2488 μόνον,
1347 2449 1408 2478 ἄλλο
1427 2463 1451 2478 τι
1469 2451 1488 2487 ᾧ
1507 2450 1558 2479 τῶν
1576 2448 1659 2478 ἄλλων
1676 2450 1811 2486 διαφέρεις,
1830 2460 1892 2477 του-

1098 2505 1149 2522 τιιν
1172 2491 1305 2524 ουδενὸς(
1292 2491 1409 2529 ηπτόμην
1426 2492 1458 2530 τῇ
1477 2493 1590 2528 διανοίας
1634 2497 1728 2520 ΘΕΑΙ.
1749 2489 1801 2520 Οὖκ
1820 2491 1893 2540 ἔοικε.

1098 2541 1153 2563 ΣΩ.
1182 2534 1240 2584 Τῶν
1265 2534 1357 2563 κοινῶν
1382 2547 1406 2563 τι
1433 2534 1485 2572 ἄρα
1512 2533 1673 2571 διενοουμην,
1701 2535 1738 2562 ὦν
1764 2531 1839 2562 ουδὲν
1860 2531 1893 2561 σὺ

1096 2578 1196 2615 μᾶλλον
1220 2576 1236 2612 η’
1262 2588 1300 2608 τις
1326 2576 1403 2608 ἄλλος
1430 2589 1487 2612 εχει.
1531 2582 1624 2605 ΘΕΑΙ.
1649 2582 1653 2597 ¹
1676 2574 1792 2614 Λναγκη.
1835 2579 1892 2603 ΣΩ
1915 2578 1933 2599 Β

1101 2623 1165 2658 Φέρε
1183 2619 1213 2655 δὴ
1230 2619 1315 2669 πρὸςὶ1
1316 2618 1389 2650 Διός
1408 2619 1464 2651 πῶς
1480 2631 1545 2648 ποτε
1564 2622 1590 2647 ἐν
1607 2618 1642 2656 τῷ
1657 2629 1766 2654 τοιουτῳ
1782 2619 1812 2646 σὲ
1824 2616 1891 2654 ,nov--

1097 2665 1143 2691 λον
1161 2659 1315 2694 ἐδόξαζον’
1300 2673 1316 2696 η
1335 2660 1413 2690 α’λλον
1431 2660 1560 2694 ὁντινοῦν,
1587 2663 1638 2692 θες
1653 2672 1718 2702 γαρ
1722 2671 1754 2697 με
1769 2657 1891 2688 διανοού-

1095 2717 1185 2743 μενον,
1204 2702 1238 2735 ὡς
1256 2705 1325 2732 ἐστιν
1343 2705 1420 2735 οὐτος
1438 2705 1589 2739 Θεαίτητος,
1608 2702 1638 2735 ὅς
1656 2702 1688 2731 ἂν
1705 2703 1722 2740 ᾖ
1739 2714 1765 2730 τε
1784 2700 1890 2739 α’νθρω-

1566 1525 1622 1548 ΣΩ.
1642 1526 1646 1541 ¹
1668 1518 1741 1553 Οἷον,
1763 1520 1786 1548 εἶ
1804 1519 1896 1557 βούλει,
1921 1525 1939 1544 D

1265 1864 1358 1887 ΘΕΑΙ.
1381 1857 1538 1887 Μανθανω·
1567 1864 1571 1879 ¹
1594 1860 1638 1886 καί
1657 1870 1702 1896 μοι
1724 1859 1796 1887 δοκει
1815 1857 1898 1889 καλῶς
1921 1862 1937 1882 Ε

1599 2195 1775 2227 ΘΕΑ1.Πῶς
1792 2197 1818 2224 τί
1832 2195 1894 2224 τοῦ-
1906 2181 1952 2261 §Lo
1991 2196 1998 2231 4

1958 2317 1963 2331 ,
1988 2278 1998 2323 ι’

1972 2550 1973 2553 w
1987 2487 1998 2565 1
