1998 3084
173 352 189 369 l)

103 1098 110 1103 ‘
149 1107 185 1124 340

168 2161 184 2178 l)

218 183 264 209 448

218 265 300 295 σθαις
331 263 476 289 Φαίνεται
469 273 560 312 εμοιγε
604 263 659 289 Καὶ
676 274 730 299 αμα
746 265 833 299 μέντοι
851 262 1004 299 ἐφοβούμην,

216 303 251 340 μή
268 316 292 331 τι
309 305 384 340 λέγοι.
427 302 511 340 Ατάρ,
531 305 593 339 ἔφην
611 302 668 340 ἐγω,
687 305 731 332 σοὶ
749 303 780 332 οὗ
794 306 925 339 φαίνεται,-
943 306 1007 336 Πῶς

216 345 267 383 γὰρ
291 351 294 365 ¹
319 343 350 372 ἂν
370 347 489 380 φαίνοιτο
512 344 649 382 ὁμολογεῖν
670 344 748 376 αυτὸς
773 346 856 383 ἑαυτῷ
882 345 897 374 5
923 347 1006 375 ταῦτα

218 385 351 423 ἀμφότερα
369 389 459 423 λέγων,
483 385 511 417 ὅς
531 398 560 424 γε
579 386 608 414 τὸ
625 390 672 423 μὲν
688 388 792 425 πρῶτον
810 386 889 420 αὐτὸς
904 387 1003 417 ὑπέθε-

216 441 245 456 το
265 427 380 463 χαλεπὸν
401 426 465 455 εἶναι
492 427 572 465 ἄνδρα
600 427 708 466 ἀγαθὸν
732 432 860 467 γενέσθαι
886 428 1005 466 ἀληθείᾳ,

216 470 303 508 ὀλίγον
324 471 351 497 δὲ
373 469 420 497 τοῦ
440 469 585 506 ποιήματος
605 471 641 502 εἰς
663 471 692 499 τὸ
716 470 840 508 πρόσθεν
865 473 1007 509 προελθὼν

215 510 372 543 ἐπελάθετο,
400 512 443 538 καὶ
464 512 598 540 Πιττακὸν
619 513 665 540 τὸν
688 512 768 541 ταύτὰ
789 516 896 551 λέγοντα
915 515 1004 551 ἑαυτῷ,

214 553 254 581 ὅτι
273 553 388 588 χαλεπὸν
410 553 510 582 ἐσθλὸν
528 555 643 591 ἔμμεναι,
665 555 759 583 τοῦτον
775 558 902 593 μέμφεταί
918 568 945 584 τε
962 558 1005 584 καὶ

213 595 244 623 οὔ
266 607 345 631 φησιν
367 593 549 630 ἀποδέχεσθαι
571 594 651 625 αὐτοῦ
673 597 705 624 τα
728 596 794 625 αὐτὰ
816 598 897 635 ἐαυτῷ
915 601 1002 636 λέγον-

212 648 263 668 τος
290 639 374 665 καίτοι
396 636 476 666 ὁπότε
493 638 540 666 τὸν
556 636 639 666 ταυτα
656 641 764 677 λέγοντα
784 638 852 677 αὐτῷ
869 643 1003 677 μέμφεται,

211 680 297 714 δῆλον,
322 678 360 707 ὅτι
378 680 421 706 καὶ
438 680 528 708 ἑαυτὸν
547 683 684 717 μέμφεται,
707 680 768 712 ὥςτε
785 694 842 716 ητοι
860 682 889 710 τὸ
908 681 1002 719 πρότε-

210 733 258 757 ρον
278 720 293 756 ἢ
314 722 425 759 υστερον
447 720 492 750 οὐκ
515 721 607 759 ὀρθῶς
627 725 700 761 λέγει.
744 723 833 751 Εἰπὼν
854 736 901 752 ουν
922 724 1003 752 ταῦτα

210 766 317 794 πολλοῖς
330 762 461 815 θόρυβον
480 767 593 801 παρέσχε
615 777 658 792 και
677 771 681 785 ¹
701 766 807 794 ἔπαινον
823 766 874 794 τῶν
892 764 1001 794 ἀκουόν-

210 817 268 833 των.
294 818 338 833 και
364 805 412 843 ἐγώ
435 805 465 834 τὸ
486 809 533 842 μὲν
553 808 668 843 πρῶτον,
692 806 797 845 ωςπερεῖ
817 806 869 835 υπὸ
893 806 1003 846 ἀγαθοῦ

210 847 309 875 πύκτου
326 849 440 885 πληγείς,
460 847 613 883 ἐσκοτωθην
630 861 656 877 τε
674 850 718 877 καὶ
736 850 867 887 ἷλιγγίασα
884 849 1004 880 εἰπόντος

211 888 291 918 αὐτοῦ
313 890 395 917 ταῦτα
417 890 459 917 καὶ
477 891 527 918 τῶν
546 889 628 919 ἄλλων
645 890 905 942 ἐπιθορυβησάντων
933 893 1001 919 ἕπει-

210 944 255 964 τα,
278 930 312 962 ω’ς
327 943 356 969 γε
374 931 441 969 πρὸς
458 934 488 960 σὲ
505 932 631 985 ειρῆσθαι
649 931 764 968 τάληθῆ,
789 935 831 961 ι’να
847 946 893 969 μοι
907 932 1004 981 χρόνος

211 976 341 1012 ἐγγένηται
358 973 389 1010 τῇ
408 983 498 1010 σκεψει
513 975 539 1002 τί
551 973 648 1012 λέγοι
636 987 650 1003 ο
665 973 778 1010 ποιητής,
797 978 924 1012 τρέπομαι
938 976 1004 1012 πρὸς

210 1016 256 1044 τὸν
273 1014 417 1065 Πρόδικον,
438 1027 482 1043 και
499 1018 610 1047 καλέσας
628 1016 718 1049 αὐτόν,
741 1017 770 1044 ,Ὠ
787 1016 914 1054 Πρόδικε,
942 1018 1004 1053 ἕφην

211 1056 268 1095 ἐγώ,
287 1058 335 1088 σὸς
348 1060 434 1094 μέντοι
448 1059 590 1098 Σιμωνίδης
604 1060 718 1093 πολίτης·
739 1060 836 1090 δίκαιος
854 1057 879 1087 εἶ
894 1060 1004 1096 βοηθεῖν

211 1099 246 1136 τῷ
265 1098 344 1136 ἀνδρί.
372 1103 384 1116 *
406 1100 473 1127 δοκῶ
491 1100 537 1127 οὖν
553 1112 598 1137 μοι
617 1100 666 1138 ἐγώ
683 1103 844 1138 παρακαλεῖν
861 1104 902 1134 σέ,
921 1100 1003 1137 ὥςπερ

211 1143 259 1177 ἔφη
272 1141 383 1179 Ὄμηρος
400 1139 446 1169 τὸν
459 1140 632 1179 Σκάμανδρον
648 1142 868 1180 πολιορκούμενον
884 1142 936 1172 ὑπὸ
955 1143 1003 1171 τοῦ

210 1186 338 1219 Ἀχιλλέως
354 1183 401 1212 τὸν
417 1183 546 1221 Σιμόεντα
564 1187 731 1222 παρακαλεῖν,
749 1184 868 1213 εἰπόντα·

279 1233 333 1265 φίλε
348 1234 492 1264 κασίγνητε,
507 1236 598 1260 σθένος
612 1233 698 1266 ἀνέρος
713 1234 858 1267 ἀμφότεροί
870 1244 916 1267 περ

278 1275 382 1298 οχωμεν.

211 1308 277 1359 ἀτὰρ
299 1310 343 1337 καὶ
364 1309 413 1347 ἐγώ
431 1311 462 1338 σὲ
483 1310 637 1362 παρακαλῶ,
658 1310 693 1348 μὴ
714 1310 773 1347 ἡμῖν
790 1310 804 1339 ὁ
823 1310 1005 1349 Πρωταγόρας

209 1351 257 1380 τὸν
277 1352 420 1388 Σιμωνίδην
442 1354 559 1388 ἐκπέρση.
586 1353 629 1380 καὶ
649 1352 700 1390 γαρ
727 1354 773 1381 οὐν
798 1354 841 1380 καὶ
868 1354 947 1381 δεῖται
974 1353 1003 1381 τὸ

209 1393 274 1431 ὑπὲρ
291 1395 436 1430 Σιμωνίδου
453 1393 633 1431 ἐπανόρθωμα
650 1395 694 1430 τῆς
712 1396 758 1430 σης
777 1396 913 1431 μουσικῆς,
936 1397 952 1432 ᾑ
974 1394 1005 1423 τό

209 1448 237 1465 τε
260 1435 407 1473 βούλεσθαι
429 1442 433 1456 ¹
456 1448 499 1463 και
522 1439 660 1473 ἐπιθυμεῖν
681 1438 784 1474 διαιρεῖς
806 1449 840 1468 ως
862 1450 893 1466 ου
910 1436 1005 1465 ταυτὸν

211 1477 253 1511 ὄν,
275 1478 319 1506 καὶ
341 1476 358 1505 ἆ
380 1479 425 1506 νῦν
446 1477 476 1513 δὴ
497 1476 567 1509 εἶπες
587 1477 672 1506 πολλα
693 1491 720 1507 τε
738 1481 781 1507 καὶ
799 1478 872 1507 καλα.
900 1480 944 1507 καὶ
961 1480 1005 1508 νῦν

211 1519 315 1553 σκόπει,
338 1523 365 1548 εί
382 1532 425 1548 σοι
447 1521 566 1549 συνδοκεῖ
587 1519 651 1558 ὅπερ
674 1523 736 1558 ἐμοί.
765 1520 796 1550 οὐ
817 1522 868 1561 γὰρ
886 1524 1004 1559 φαίνεται

211 1564 313 1591 ἐναντία
338 1564 419 1600 λέγειν
446 1560 524 1593 αὐτὸς
550 1561 618 1601 αυτῷ
644 1565 793 1602 Σιμωνίδης
829 1566 862 1594 σὺ
887 1565 952 1604 γάρ,
984 1577 1004 1594 ω

210 1604 337 1644 Πρόδικε,
364 1603 552 1643 προαπόφηναι
574 1619 619 1642 την
641 1607 688 1643 σην
708 1620 816 1646 γιωμηι.
844 1607 939 1636 ταύτόν
961 1620 1005 1636 σοι

211 1651 282 1678 δοκεῖ
298 1653 362 1676 εἰναι
379 1648 409 1676 τὸ
427 1651 554 1686 γενέσθαι
571 1650 615 1677 καὶ
628 1649 658 1677 τὸ
674 1661 710 1677 eu
713 1662 745 1682 αι,
764 1649 779 1685 ἢ
795 1650 870 1683 αλλ-0,·
885 1650 960 1679 Αλλο
975 1650 1005 1685 νὴ

212 1689 264 1723 Δί’,
285 1692 332 1726 ἔφη
350 1689 364 1718 5
379 1690 519 1727 Πρόδικος.
565 1690 672 1724 Οὐκοῦν,
692 1694 754 1728 ἔφην
772 1691 828 1730 ἐγώ,
848 1697 874 1720 ἐν
889 1695 936 1729 μὲν
950 1696 1006 1723 τοῖς

210 1732 322 1782 πρώτοις
344 1732 423 1763 αὐτὸς
444 1731 458 1760 5
476 1734 618 1769 Σιμωνίδης
638 1735 683 1769 την
704 1735 797 1762 ἑαυτοῦ
818 1734 921 1772 γνώμην
938 1734 1002 1763 ἀπε-

211 1774 323 1824 φηνατο,
343 1774 383 1803 ὅτι
401 1773 481 1812 ιἰνδρα
501 1774 610 1827 αγαθόν
628 1774 739 1812 αληθεία
756 1779 884 1814 γενέσθαι
904 1783 907 1797 ¹
926 1779 1002 1812 χαλε-

210 1818 262 1846 πὸν
279 1820 330 1852 εἴη,-
356 1817 454 1852 Λληθη
471 1818 586 1855 λέγεις,’
578 1820 624 1853 ἐφη
643 1816 657 1846 5
676 1817 815 1855 Πρόδικος
861 1818 913 1847 Τὸν
931 1820 959 1847 δέ
974 1830 1003 1857 γε

210 1857 355 1891 Πιττακόν,
373 1870 404 1894 ην
421 1857 445 1886 δ
463 1858 524 1896 ἐγω,
545 1862 682 1896 μέμφεται,
706 1872 754 1895 ουχ
772 1860 805 1892 ὡς
823 1863 904 1889 οἴεται
921 1867 1001 1898 Πρω-

211 1900 337 1939 ταγόρας,
360 1899 456 1929 ταυτὸν
477 1901 559 1938 ἑαυτῷ
580 1904 700 1939 λέγοντα,
728 1901 780 1930 ἀλλ
802 1901 872 1931 α’λλο.
900 1915 931 1931 ου
952 1916 1003 1941 γαρ

211 1943 289 1972 τοῦτο
308 1942 321 1971 5
338 1942 470 1974 Πιττακὸς
485 1944 553 1981 ἔλεγε
567 1943 597 1972 τὸ
611 1943 734 1979 χαλεπόν,
752 1947 880 1983 γενέσθαι
895 1945 1003 1977 ἐσθλόν,

212 1985 294 2023 ὥςπερ
316 1984 330 2013 ὁ
344 1986 502 2025 Σιμωνίδης,
526 1984 590 2013 ἀλλὰ
612 1984 690 2019 τοῦτ’,
714 1987 828 2024 ἔμμεναι·
857 1988 910 2015 ἔστι
928 1988 955 2015 δὲ
973 1986 1004 2015 οὗ

211 2026 314 2059 ταύτόν,
333 2027 353 2054 ὦ
371 2026 547 2065 Πρωταγόρα,
566 2027 600 2059 ὦς
616 2040 681 2065 φησι
697 2027 830 2066 Πρόδικος
847 2028 898 2062 ὅδε,
917 2029 947 2057 τὸ
966 2027 1001 2057 εἷ-

211 2082 254 2097 ναι
275 2070 317 2097 καὶ
338 2068 368 2097 τὸ
390 2071 524 2107 γενέσθαι.
551 2069 574 2097 εἰ
592 2071 619 2098 δὲ
634 2069 670 2107 μὴ
686 2070 717 2099 τὸ
737 2069 801 2099 αὐτό
820 2075 874 2099 ἐστι
891 2071 921 2100 τὸ
939 2069 1004 2100 εἶναι

211 2111 246 2148 τῷ
271 2114 410 2149 γενέσθαι,
438 2109 484 2140 οὐκ
511 2114 612 2140 ἐναντία
637 2114 703 2150 λέγει
725 2111 739 2141 5
761 2114 903 2150 Σιμωνίδης
926 2112 1005 2144 αὐτὸς

213 2153 288 2190 αὐτῷ.
315 2154 358 2181 καὶ
385 2156 446 2184 ἴσως
473 2152 504 2180 ἂν
529 2156 593 2190 φαίη
614 2153 747 2192 Πρόδικος
768 2155 811 2183 ὅδε
837 2156 880 2183 καὶ
905 2162 908 2176 ¹
933 2154 1005 2184 ἄλλοι

212 2196 304 2224 πολλοὶ
325 2193 389 2223 καθ’
404 2193 528 2223 ΚΗσίοδον
548 2198 676 2234 γενέσθαι
696 2199 743 2234 μὲν
765 2195 874 2235 ἀγαθὸν
889 2197 1005 2233 χαλεπὸν

212 2236 286 2266 εἶναι·
314 2237 358 2286 της
378 2237 429 2275 γὰρ
453 2235 543 2274 ἀρετὴς
560 2239 714 2289 ἔμπροσθεν
731 2239 792 2270 τοὺς
809 2239 892 2271 θεοὺς
909 2240 1004 2277 ἱδρῶτα

212 2283 274 2308 θεῖν
276 2289 312 2307 αι’
332 2278 396 2307 ὅταν
414 2280 442 2307 δέ
457 2290 495 2310 τις
512 2278 590 2315 αυτῆς
606 2280 642 2311 εἷς
653 2279 741 2329 'thequa‘
757 2283 848 2317 ἰκηται,
866 2283 964 2320 ῥηϊδίην
979 2280 1002 2309 δ

212 2333 303 2357 ηπειτα
321 2323 411 2353 πέλειν,
427 2320 543 2357 χαλεπήν
556 2334 605 2359 περ
621 2322 724 2355 ἐοῦσαι,
743 2324 879 2359 εκτῆσθαι
902 2330 1004 2351 xxvn.

210 2364 238 2392 0
254 2366 302 2401 μὲν
319 2375 365 2391 ουν
378 2364 510 2401 Πρόδικος
529 2362 644 2396 ἀκούσας
661 2366 743 2393 ταῦτα
762 2364 870 2406 ἐπῄνεσέ
885 2377 927 2403 με·
948 2364 962 2394 5
979 2367 1005 2394 δὲ

212 2404 406 2444 Πρωταγόρας,
425 2406 462 2433 Τὸ
481 2405 661 2456 ἐπανόρθωμα
680 2419 730 2439 σοι,
750 2409 805 2444 ἔφη,
824 2409 844 2435 ὠ
861 2407 1004 2445 Σώκρατες,

211 2450 298 2485 μεῖζον
319 2446 457 2484 ἆμαρτημα
480 2448 530 2483 ἔχει
549 2447 591 2483 η’
583 2447 598 2476 ό
617 2452 786 2501 ἐπανορθοῖς.
828 2451 884 2478 Καὶ
902 2450 951 2488 ἐγὼ
968 2454 1004 2478 εἰ-

212 2502 274 2522 πον,
293 2489 385 2517 Κακὸν
403 2488 454 2527 ἄρα
470 2502 516 2526 μοι
533 2493 675 2528 εἴργασται,
694 2492 728 2522 ὠς
746 2493 834 2525 ἔοικεν,
852 2493 873 2520 ὦ
890 2498 1004 2529 Πρωτα-

212 2531 288 2571 γόρα,
307 2544 351 2559 και
367 2531 419 2568 εἶμί
434 2542 471 2562 τις
490 2538 494 2552 ¹
512 2533 639 2569 γελοιος’
631 2532 729 2570 ιατρός·
749 2533 856 2571 ἰώμενος
871 2536 958 2571 μεῖζον
974 2533 1005 2562 τὸ

213 2573 314 2611 ιόσημα
335 2573 411 2602 ποιῶ.
453 2572 516 2602 Αλλ
537 2573 618 2606 οὕτως
640 2576 700 2610 ἔχει,
728 2576 891 2629 {PU-11⁰3?
908 2575 1007 2611 δηςην

213 2615 237 2644 δ’
255 2615 311 2654 ἐγω.
354 2614 445 2651 Πολλὴ
463 2615 506 2649 ἂν,
526 2617 584 2652 ἔφη,
604 2615 710 2666 αμαθία
728 2620 766 2653 εἰη
783 2619 830 2646 τοῦ
846 2618 965 2654 ποιητοῦ,
984 2630 1007 2646 ει

214 2658 280 2687 οὕτω
301 2656 402 2694 φαῦλόν
423 2659 448 2686 τί
467 2670 546 2694 φησιν
567 2657 631 2687 εἶναι
652 2659 697 2694 τὴν
719 2658 810 2696 ἀρετὴν
828 2659 1005 2696 ἑκτῆσθαι,ὃ

214 2702 267 2729 ἔστι
292 2712 397 2729 παντων
419 2699 616 2735 χαλεπώτατον,
644 2700 678 2733 ὦς
700 2701 784 2730 ἅπασι
806 2703 876 2730 δοκεῖ
897 2700 1005 2740 ανθρω-

885 183 1177 210 PLATole

1055 275 1121 295 ποις.
1153 265 1208 291 Και
1225 263 1274 300 ἐγὼ
1291 261 1373 296 εἶπον,
1393 263 1436 299 Νη
1454 264 1500 292 τὸν
1518 266 1575 296 Δία,
1594 264 1630 295 εἰς
1643 263 1734 302 καιρόν
1746 277 1776 304 γε
1789 279 1840 294 πα-

1055 304 1223 343 ρατετύχηκεν
1240 303 1300 354 ημῖν
1316 308 1342 333 ἐν
1358 308 1414 336 τοῖς
1430 305 1516 344 λόγοις
1533 305 1665 343 Πρόδικος
1682 306 1733 334 ὅδε.
1759 309 1841 336 κινδυ-

1055 359 1121 376 vevet
1137 359 1188 385 γαρ
1205 358 1254 379 τοι,
1273 358 1292 374 ω
1307 346 1482 385 Πρωταγόρα,
1500 346 1516 382 ἦ
1530 349 1664 384 Προδίκου
1682 350 1763 384 σοφία
1780 352 1843 378 θεία

1054 400 1093 421 τις
1113 387 1178 417 εἶναι
1198 387 1328 420 πάλαι,*
1349 387 1406 437 ἦτοι
1429 388 1481 417 απὸ
1503 390 1647 426 Σιμωνίδου
1669 389 1843 427 ἀρξαμένη,ἢ

1055 432 1099 459 καὶ
1117 432 1152 459 ἔτι
1169 432 1336 479 παλαιοτέρα.
1364 430 1396 458 σὺ
1414 431 1441 458 δὲ
1459 429 1541 458 α’λλων
1556 432 1658 459 πολλῶν
1676 433 1794 469 ἔμπειρος
1809 432 1844 461 ὢν

1055 472 1148 508 ταύτης
1166 471 1272 509 ἄπειρος
1292 476 1357 499 εἰναι
1377 474 1474 508 φαίνει,
1497 484 1545 507 ουχ
1561 472 1643 510 ω’ςπερ
1662 473 1710 510 ἐγώ
1729 475 1844 512 ἔμπειρος

1056 514 1097 542 διὰ
1118 514 1149 542 τὸ
1169 513 1293 550 μαθητὴς
1314 512 1377 542 εἶναι
1394 515 1535 566 Προδίκου
1544 517 1654 543 τουτουὶὶ
1681 516 1723 543 καὶ
1740 516 1784 544 νῦν
1799 529 1844 552 μοι

1056 558 1138 587 δοκεῖς
1160 554 1192 584 οὐ
1211 554 1369 592 μανθάνειν,
1393 555 1433 584 ὅτι
1449 556 1492 583 καὶ
1509 556 1539 584 τὸ
1555 556 1671 591 χαλεπὸν
1687 557 1765 585 τοῦτο
1784 561 1844 590 ἴσως

1056 598 1103 633 οὐχ
1121 597 1188 626 οὕτω
1205 598 1347 634 Σιμωνίδης
1362 596 1551 634 ὑπελάμβανεν,
1576 597 1658 635 ὥςπερ
1676 598 1709 627 σὺ
1725 598 1841 636 ὑπολαμ-

1055 640 1146 676 βάνεις,
1166 638 1217 667 ἀλλ’
1235 639 1316 676 ὥςπερ
1334 639 1393 677 περὶ
1409 639 1457 668 τοῦ
1475 639 1558 668 δεινοῦ
1554 639 1705 692 „¹¹?5⁶²'‘„‘5⁹
1719 652 1753 691 με
1767 640 1842 670 οὖτο-

1055 695 1082 710 σι
1099 685 1223 710 νουθετεῖ
1239 680 1370 714 ἑκάστοτε,
1389 680 1453 709 ὅταν
1471 681 1580 710 ἐπαινῶν
1598 681 1647 719 ἐγώ
1664 681 1679 717 ἦ
1695 685 1724 710 σὲ
1738 681 1753 717 ἢ
1769 682 1844 712 ἀλλον

1054 724 1110 752 τινὰ
1132 726 1207 762 λέγω,
1230 722 1270 751 ὅτι
1289 729 1292 743 ¹
1312 722 1493 774 Πρωταγόρας
1514 723 1599 759 σοφὸς
1619 736 1662 751 και
1680 723 1761 755 δεινός
1778 728 1844 753 ἐστιν

1055 778 1129 803 ανηρ,
1154 765 1246 802 ἐρωτᾷ,
1269 765 1291 793 εἰ
1309 763 1355 793 οὐκ
1374 764 1530 817 αἰσχύνομαι
1546 764 1658 803 ταγαθα
1677 766 1744 794 δεινοὶ
1763 768 1844 795 καλῶν

1055 825 1094 828 -
1112 807 1142 836 τὸ
1160 807 1211 845 γὰρ
1229 805 1319 839 δεινόν,
1338 809 1409 843 φησί,
1428 807 1508 835 κακόν
1526 810 1605 835 ἐστιν
1625 806 1708 839 οὐδεὶς
1722 809 1787 857 γοῦν
1804 811 1842 837 λε’-

1053 861 1092 887 γει
1109 848 1240 881 &uuo-tow,
1260 849 1343 877 δεινοῦ
1360 848 1483 882 πλούτου,
1503 847 1562 877 ουδὲ
1580 849 1661 884 δεινῆς
1674 849 1779 886 ειρήνης,
1798 849 1886 881 ου-ξ-Ικ
1919 851 1951 877 W

1054 893 1080 919 δὲ
1099 891 1179 926 δεινῆς
1194 890 1302 929 υγιείας,
1316 885 1390 918 αλλὰ
1412 892 1492 926 δεινῆς
1508 890 1590 919 νόσου
1606 892 1650 919 καὶ
1667 893 1750 920 δεινοῦ
1766 895 1843 920 πολέ-

1052 945 1104 970 μου
1121 945 1164 973 και
1182 933 1262 968 δεινῆς
1278 934 1378 965 πενίας,
1400 931 1434 964 ὦς
1450 932 1498 961 τοῦ
1516 933 1599 962 δεινοῦ
1615 945 1696 962 κακου
1714 932 1789 965 ὄντος
1804 951 1844 955 --

1054 978 1116 1006 ἴσως
1133 987 1179 1003 ουν
1196 987 1240 1003 και
1256 975 1286 1003 τὸ
1302 974 1418 1010 χαλεπὸν
1435 970 1468 1003 αὖ
1486 976 1512 1003 οἳ
1526 978 1601 1003 Κεῖοι
1619 976 1662 1003 καὶ
1677 974 1691 1004 5
1706 977 1846 1012 Σιμωνίδης

1053 1030 1067 1052 η
1086 1016 1167 1045 κακὸν
1182 1015 1444 1058 υπολαμβοῖνουσιν“
1429 1029 1444 1052 η
1463 1016 1525 1045 α’λλο
1543 1029 1579 1049 τι,
1602 1016 1618 1045 ὅ
1636 1017 1669 1045 σὺ
1688 1016 1718 1045 οὗ
1734 1017 1843 1054 μανθα-

1053 1070 1110 1090 νεις.
1137 1058 1260 1096 ἐρώμεθα
1279 1060 1325 1087 σύν
1342 1057 1484 1096 Πρόδικον·
1513 1060 1611 1087 δίκαιον
1627 1059 1678 1109 γὰρ
1696 1059 1741 1094 τὴν
1757 1065 1843 1097 Σιμω-

1055 1102 1125 1130 νίδου
1142 1101 1228 1137 φωνην
1245 1101 1339 1129 τοῦτον
1356 1101 1460 1137 ε’ρωτᾶν.
1486 1102 1512 1128 τί
1529 1102 1618 1139 ἔλεγεν,
1637 1113 1657 1129 ω
1674 1100 1796 1139 Πρόδικε,
1814 1101 1844 1130 τὸ

1053 1143 1187 1178 χαλεπὸν·
1203 1144 1357 1193 Σιμωνίδης,·
1375 1142 1474 1175 Κακόν,
1494 1144 1548 1179 ἔφη.
1582 1143 1632 1170 Διὰ
1650 1141 1720 1171 ταῦτ’
1738 1142 1789 1181 ἄρα
1803 1144 1846 1172 καὶ

1053 1189 1187 1222 μέμφεται,
1205 1197 1235 1220 ην
1250 1183 1273 1212 δ
1291 1184 1348 1222 ἐγω,
1367 1197 1387 1213 ω
1401 1183 1524 1222 Πρόδικε,
1543 1185 1589 1213 τὸν
1606 1185 1740 1214 Πιττακὸν
1757 1187 1844 1224 λὲγον-

1054 1240 1087 1255 τα
1105 1227 1228 1255 Χαλεπὸν
1245 1227 1371 1255 έσθλὸν’
1363 1239 1478 1264 εμμεναι,
1501 1226 1583 1264 ὥςπερ
1602 1239 1634 1255 αν
1650 1227 1673 1255 εἶ
1690 1226 1780 1262 ἤκουεν
1797 1239 1844 1256 αυ-

1054 1269 1101 1298 τοῦ
1120 1271 1249 1307 λέγοντος,
1272 1268 1312 1297 ὅτι
1330 1270 1385 1297 ἐστι
1402 1269 1482 1297 κακὸν
1500 1269 1626 1297 ἐσθλὸν’
1618 1281 1729 1306 εμμεναι.
1772 1269 1845 1298 Λλλὰ

1055 1313 1080 1339 τί
1097 1323 1156 1343 οιει,
1180 1312 1239 1364 ἔφη,
1261 1313 1352 1348 λέγειν,
1379 1323 1399 1338 ω
1416 1310 1564 1348 Σώκρατες,
1591 1312 1734 1361 Σιμωνίδην
1751 1310 1813 1340 α’λλο
1830 1310 1846 1347 ἧ

1055 1355 1141 1385 τοῦτο,
1160 1354 1203 1381 καῖ
1221 1351 1347 1385 ὀνειδίζειν
1363 1352 1399 1390 τῷ
1416 1353 1546 1390 Πιττακῷ,
1566 1352 1605 1381 ότι
1619 1353 1652 1381 τὰ
1668 1352 1785 1390 ὀνόματα
1800 1365 1846 1382 ουκ

1057 1394 1183 1443 ηπίοτατο
1202 1394 1294 1432 ὀρθῶς
1311 1396 1424 1432 διαιρεῖν,
1444 1394 1488 1423 ἅτε
1505 1396 1618 1431 Λέσβιος
1634 1394 1670 1423 ὧν
1686 1396 1730 1423 καὶ
1748 1399 1773 1424 ἐν
1789 1407 1847 1436 φω-

1056 1438 1086 1474 τῇ
1104 1436 1227 1475 βαρβαρω
1245 1439 1436 1474 τεθραμμένος;
1464 1436 1575 1468 Λκούεις
1596 1436 1638 1472 δη,
1661 1439 1723 1473 ἔφην
1743 1436 1846 1475 ἐγω,ω

1056 1478 1236 1518 Πρωταγόρα,
1264 1480 1398 1516 Προδίκου
1418 1480 1506 1510 τοῦδε,
1517 1485 1520 1500 ¹
1545 1480 1608 1514 ἔχεις
1629 1491 1652 1507 τι
1672 1479 1739 1517 πρὸς
1765 1479 1845 1508 ταῦτα

1054 1525 1097 1562 λέγ
1098 1534 1146 1557 ειν,-
1176 1522 1228 1551 Koa
1246 1521 1260 1551 ὁ
1278 1520 1471 1561 Πρωταγόρας,
1492 1522 1597 1551 Πολλου
1613 1533 1643 1561 γε
1661 1522 1734 1555 δεῖ,’
1726 1523 1780 1559 ἔφη,
1800 1522 1844 1550 ου’-

1055 1577 1104 1597 τως
1125 1567 1202 1601 ἔχειν,
1224 1566 1244 1593 ὦ
1261 1564 1387 1603 Πρόδικε
1415 1563 1467 1593 ἄλλ
1485 1565 1534 1603 ἐγὼ
1555 1565 1583 1593 εὖ
1602 1563 1662 1597 οἰδ,
1681 1564 1721 1593 ὅτι
1738 1566 1781 1593 καὶ
1797 1569 1844 1593 Σι-

1053 1609 1163 1645 μωνίδης
1179 1608 1209 1636 τὸ
1225 1608 1342 1643 χαλεπὸν
1360 1609 1443 1646 ἔλεγεν
1460 1606 1524 1644 ὅπερ
1541 1606 1613 1644 ἡμεῖς
1630 1608 1655 1636 οἱ
1671 1607 1750 1639 ἄλλοι,
1770 1606 1801 1636 οὐ
1815 1607 1844 1635 τὸ

1055 1650 1142 1683 κακόν,
1162 1648 1215 1678 ἀλλ’
1232 1649 1248 1679 ὅ
1266 1648 1298 1678 ἄν
1313 1649 1349 1687 μὴ
1367 1649 1456 1687 ῥᾴδιον
1472 1645 1496 1686 ᾗ,
1517 1648 1580 1677 ἀλλὰ
1599 1649 1640 1677 διὰ
1658 1649 1760 1678 πολλῶν
1776 1661 1844 1685 πρα-

1054 1692 1159 1730 γμάτων
1175 1694 1299 1730 γίγνηται.
1325 1692 1399 1720 Ἀλλὰ
1417 1693 1460 1720 καὶ
1479 1691 1527 1730 ἐγὼ
1544 1690 1622 1728 οἶμαι,
1642 1693 1711 1727 ἔφην,
1730 1687 1750 1719 ὦ
1764 1697 1844 1729 Πρω-

1054 1734 1163 1773 ταγόρα,
1181 1735 1260 1763 τοῦτο
1275 1736 1355 1772 λέγειν
1369 1735 1518 1771 Σιμωνίδην,
1537 1734 1580 1761 καὶ
1594 1732 1727 1771 ΙΙρόδικόν
1740 1745 1770 1772 γε
1785 1732 1844 1762 τόν·

1055 1778 1081 1805 δε
1098 1777 1198 1809 εἰδέναι,
1218 1775 1282 1804 ἀλλὰ
1299 1778 1397 1808 παίζειν
1413 1776 1456 1804 καὶ
1472 1775 1522 1804 σοῦ
1537 1777 1620 1804 δοκεῖν
1636 1774 1845 1813 ἀποπειρᾶσθαι,

1054 1819 1076 1847 εἶ
1099 1817 1154 1850 οἷός
1174 1817 1194 1847 τ’
1213 1819 1265 1846 ἔσει
1282 1818 1317 1855 τῷ
1335 1818 1434 1846 σαυτοῦ
1452 1817 1520 1856 λόγῳ
1539 1819 1660 1854 βοηθεῖν·
1689 1818 1743 1846 ἐπεὶ
1761 1817 1800 1846 ὅτι
1817 1829 1846 1856 γε

1054 1862 1196 1914 Σιμωνίδης
1218 1873 1249 1889 ου
1266 1862 1331 1898 λέγει
1349 1860 1379 1888 τὸ
1400 1866 1403 1880 ¹
1418 1860 1536 1910 χαλε-πον
1553 1858 1645 1893 κακόν,
1666 1862 1733 1898 μέγα
1754 1858 1844 1910 τεκμη-

1054 1902 1111 1940 ριόν
1129 1906 1198 1931 ἐστιν
1215 1901 1297 1934 εὐθὺς
1313 1902 1343 1930 τὸ
1361 1902 1426 1939 μετὰ
1444 1903 1522 1930 τοῦτο
1541 1902 1620 1940 ρῆμα·
1648 1904 1713 1940 λέγει
1728 1913 1789 1940 γαρ,
1807 1900 1847 1930 ὅτι

1056 1945 1122 1976 θεὸς
1140 1944 1172 1973 ἆν
1188 1943 1269 1982 μόνος
1285 1945 1363 1973 τοῦτο
1382 1945 1436 1979 ἔχοι
1453 1947 1541 1982 γέρας,
1565 1956 1596 1972 ου
1618 1942 1701 1979 δηπου
1721 1941 1801 1972 τοῦτο
1817 1955 1846 1982 γε

1055 1990 1140 2025 λέγων,
1159 1986 1239 2015 κακὸν
1256 1986 1356 2014 ἐσθλὸν
1373 1987 1487 2023 εμμεναι·
1504 1990 1562 2026 Q
1575 1986 1622 2014 τὸν
1636 1984 1705 2014 θεόν
1718 1997 1783 2023 φησι
1795 1984 1844 2022 μό-

1053 2041 1100 2058 νον
1117 2029 1195 2058 τοῦτο
1214 2028 1246 2056 ἂν
1264 2029 1328 2063 ἔχειν
1344 2029 1387 2056 καὶ
1404 2029 1440 2064 τῷ
1457 2028 1514 2064 θεῷ
1532 2028 1610 2056 τοῦτο
1631 2030 1709 2066 γέρας
1730 2026 1846 2064 ἀπένειμε

1053 2071 1135 2108 μόνον
1156 2069 1303 2099 ἀκόλαστον
1315 2070 1367 2108 γὰρ
1383 2069 1415 2098 ἄν
1429 2082 1485 2098 τινα
1501 2072 1568 2108 λε’γοι
1583 2071 1726 2107 Σιμωνίδην
1740 2068 1754 2098 5
1769 2068 1845 2107 Πρό-

1055 2115 1125 2144 δικος
1145 2114 1189 2140 καὶ
1211 2111 1330 2150 ουδαμῶς
1350 2115 1439 2140 Κεῖον.
1467 2110 1518 2139 αλλ’
1540 2110 1558 2139 ἅ
1577 2124 1623 2149 μοι
1644 2112 1716 2141 δοκεῖ
1735 2112 1845 2141 διανοεῖ-

1056 2159 1126 2184 σθαι
1146 2155 1288 2192 Σιμωνίδης
1310 2158 1336 2182 ἐν
1356 2153 1439 2190 τούτῳ
1461 2153 1496 2191 τῷ
1519 2153 1616 2191 ᾄσματι
1639 2156 1722 2182 ἐθέλω
1745 2165 1789 2182 σοι
1809 2153 1845 2182 εἷ-

1054 2201 1124 2230 πεῖν,
1146 2196 1169 2225 ειῖ
1187 2195 1272 2233 βουλει
1290 2200 1302 2214 *
1320 2197 1407 2233 λαβεῖν
1422 2208 1475 2233 μου
1491 2199 1585 2234 πεῖραν
1602 2195 1673 2228 ὅπως
1694 2197 1754 2231 ἔχω,
1777 2194 1793 2224 5
1815 2195 1847 2224 σὺ

1055 2242 1134 2278 λὲγεις
1150 2239 1237 2271 τοῦτο,
1255 2250 1315 2279 περι
1333 2239 1410 2266 ἐπῶν
1439 2238 1484 2266 ἐὰν
1501 2239 1528 2266 δὲ
1546 2236 1638 2275 βουλη,
1663 2238 1713 2266 σοῦ
1731 2236 1845 2267 ἀκούσο-

1054 2293 1108 2318 μαι.
1138 2279 1167 2309 ‘0
1182 2283 1229 2317 μὲν
1247 2292 1293 2309 ουν
1309 2279 1492 2330 Πρωταγόρας
1510 2278 1626 2311 ἄκουσας
1641 2292 1693 2317 μου
1709 2279 1792 2308 ταῦτα
1806 2281 1846 2308 λε’-

1054 2334 1155 2362 γοντος,
1175 2323 1206 2350 Εἰ
1225 2334 1258 2351 συ
1275 2321 1396 2358 Hamil-135²
1388 2324 1443 2358 ε’φη,
1462 2334 1482 2350 ω
1498 2321 1645 2360 Σωκρατες·
1669 2320 1683 2350 5
1702 2323 1729 2350 δὲ
1746 2321 1845 2359 Πρόδι-

1055 2365 1101 2397 κός
1120 2376 1148 2393 τε
1169 2377 1213 2392 και
1235 2363 1248 2392 5
1264 2363 1367 2395 Ἱππίας
1389 2367 1528 2399 ἐκελευετην
1548 2362 1629 2397 πάνυ,
1655 2376 1700 2392 και
1720 2365 1747 2392 οἳ
1768 2363 1846 2392 ἄλλοι.

1057 2413 1171 2435 xxvssl.
1188 2404 1250 2445 Ἐγὼ
1268 2408 1366 2439 τοίνυν,
1387 2401 1419 2442 ἦν
1435 2404 1460 2434 δ’
1478 2405 1539 2444 ἐγώ,
1562 2404 1580 2434 5'
1595 2408 1627 2444 γε’
1640 2417 1686 2443 μοι
1704 2407 1775 2435 δοκεῖ
1790 2405 1848 2442 περὶ

1056 2451 1103 2478 τοὺ
1121 2448 1239 2486 ᾅσματος
1253 2447 1355 2481 τούτου,
1373 2447 1534 2486 πειράσομαι
1546 2447 1606 2485 ὖμῖν
1621 2449 1770 2480 διεξελθεῖν.
1800 2453 1845 2475 Φι-

1055 2492 1170 2527 λοσοφία
1186 2489 1238 2529 γάρ
1256 2494 1311 2519 ἐστι
1327 2489 1489 2525 παλαιοτάτη
1506 2502 1534 2518 τε
1550 2491 1594 2518 καὶ
1610 2491 1716 2525 πλείστη
1730 2491 1781 2518 τῶν
1792 2487 1846 2517 Ἐλ-

1055 2532 1136 2569 λήνων
1157 2536 1183 2561 ἐν
1198 2532 1290 2570 Κρήτῃ
1310 2544 1338 2561 τε
1359 2533 1403 2560 καὶ
1425 2536 1450 2560 ἐν
1466 2533 1651 2582 Λακεδαίμονι,
1679 2532 1723 2560 καὶ
1745 2538 1749 2553 ¹
1769 2543 1845 2568 σοφι-

1057 2588 1117 2605 σται
1142 2577 1260 2603 πλεῖστοι
1284 2574 1331 2613 γῆς
1357 2578 1408 2603 ἐκεῖ
1432 2574 1504 2603 εἰσιν.
1535 2572 1588 2602 ἀλλ’
1614 2573 1798 2615 ἐξαρνοῦνται
1805 2585 1848 2602 και

1057 2618 1254 2670 σχηματίζονται
1272 2615 1388 2653 ἀμαθεῖς
1404 2615 1480 2649 εἶναι,
1507 2628 1548 2644 ινα
1568 2616 1603 2653 μη
1620 2615 1760 2651 καταδηλοι
1777 2627 1846 2648 ωσιν,

1056 2660 1096 2688 ὅτι
1114 2661 1195 2695 σοφίᾳ
1212 2659 1263 2687 τῶν
1277 2657 1399 2694 Ελλήνων
1415 2660 1549 2696 περίεισιν,
1571 2657 1654 2696 ὥςπερ
1672 2669 1717 2690 ους
1732 2663 1845 2695 Πρωτα-

1055 2701 1138 2740 γόρας
1156 2703 1224 2739 ἔλεγε
1241 2700 1303 2732 τοὺς
1317 2700 1454 2737 σοφιστάς,
1474 2699 1537 2728 αλλὰ
1553 2700 1649 2729 δοκῶσι
1662 2699 1698 2738 τῷ
1710 2698 1847 2738 μάχεσθαι

1868 400 1900 419 ³41

1866 1984 1891 2036 ¹¹

1871 2201 1905 2220 ³42

1871 2537 1887 2556 B
