2050 3084
202 558 219 576 Ϊ)

191 1145 226 1163 3¹4

234 1191 334 1209 ,ruvru
357 1177 393 1209 Εἷς
415 1175 575 1214 ανθρωπους
598 1173 778 1204 ἇπαίδῖύῖῠυς’

243 183 294 208 602

242 272 270 288 ευ
298 261 358 286 ἴσθι
383 256 479 293 μηδένα
506 252 613 281 πώποτέ
636 264 688 289 μου
710 251 741 280 τὸ
763 251 867 287 πρῶτον
889 247 1039 277 ἆκουσαντα

245 303 308 336 ἔχειν
327 298 407 328 ἄλλως
423 307 478 327 πως
494 294 509 330 ἢ
528 294 595 323 οὕτω
613 291 667 321 κατ’
689 291 782 330 ἇρχας,
808 292 851 319 καὶ
869 303 883 319 ο
900 293 946 327 μὲν
963 291 1040 318 πλείω

246 345 308 377 ἔχων
331 339 484 377 πράγματα,
514 348 527 364 ο
551 337 578 364 δὲ
603 334 698 363 ἐλάττω
723 333 798 372 μόγις
825 331 1041 364 ἆπαλλαττονται,

246 383 337 418 σχεδον
364 382 391 408 δὲ
419 379 502 409 ουδεις
529 376 612 416 ολίγα.
647 375 746 404 τούτων
772 375 801 410 δὴ
827 373 973 412 γεγονότων
999 374 1043 400 καὶ

247 424 355 460 ε’χόιτων
377 420 444 450 ου’τω
467 420 560 456 σχεδὸν
581 419 647 447 κατὰ
666 418 711 453 τὴν
729 417 788 455 ἐμὴν
806 416 887 448 δόξαν
904 414 1043 453 εὗρηκαμεν

247 466 261 494 ὅ
282 478 313 494 συ
332 465 489 495 ἐπέστειλας,
513 461 584 493 ὅπως
605 462 643 489 δεῖ
663 460 730 498 πρὸς
748 458 871 494 αλλήλους
887 456 954 494 ἡμᾶς
972 458 1042 492 ε’χειν.

248 509 301 535 ἐπεὶ
322 507 373 545 γαρ
395 505 536 542 βασανίζεις
554 501 620 531 αὐτὰ
638 499 836 541 ξυγγιγνόμενός
854 512 879 528 τε
899 499 984 530 ἅλλοις
1001 499 1044 526 καὶ

247 547 455 586 παραθεώμενος
476 545 549 583 παρὰ
571 545 603 573 τα
625 544 675 573 τῶν
698 543 780 571 ἄλλων
803 543 847 570 καὶ
869 539 935 569 αὐτὰ
955 547 958 561 ¹
978 538 1041 568 καθ

248 589 326 622 αὑτά,
345 590 389 617 νῦν
406 600 450 617 σοι
467 586 550 616 ταῦτα
568 599 603 619 τε,
621 587 644 615 εἰ
663 585 765 622 ἀληθὴς
781 583 796 619 ἡ
815 583 943 621 βάσανος,
962 593 1042 623 προς-

247 632 364 669 φύσεται,
382 631 426 659 καὶ
444 630 539 661 οἷκειος
556 640 658 660 τουτοις
675 640 702 656 τε
720 628 763 655 καὶ
777 625 836 663 ἡμῖν
852 627 911 654 ἔσει.
929 624 984 655 πῶς
999 624 1045 652 οὖν

249 674 280 703 οὖ
300 671 370 702 ταῦτ
391 674 465 701 ἔσται
484 672 528 700 καὶ
549 670 635 699 πάντα
653 670 670 698 ἆ
688 668 837 707 εἶρήκαμενς
863 667 910 696 τὸν
926 667 1043 703 Αρχέδη-

246 729 297 754 μον
314 715 358 744 νῦν
375 727 402 743 τε
422 713 512 752 ὀρθῶς
534 715 659 748 ἐποίησας
679 714 797 749 πέμψας,
824 710 868 738 καὶ
890 708 921 737 τὸ
944 707 1044 740 λοιπόν,

249 757 351 787 ἐπειδὰν
374 758 442 793 ἔλθῃ
464 755 531 794 πρὸς
552 757 582 784 σὲ
603 756 647 782 καὶ
659 753 814 806 απαγγείλῃ
835 751 869 780 τὰ
893 763 947 788 παρ
975 750 1044 786 ἐμοῦ,

247 800 312 842 μετὰ
330 799 411 828 ταῦτα
430 800 492 829 ἴσως
510 797 584 825 α’λλαι
603 809 632 825 σε
652 795 759 834 ἀπορίαι
780 793 915 832 λήψονται.
937 794 1047 829 πέμψεις

250 843 296 871 οὐν
315 837 406 873 αὖθις,
426 839 458 868 ἄν
476 838 567 877 ὀρθῶς
585 838 706 875 βουλευῃ,
724 835 785 874 παρ’
805 838 848 874 ἐμὲ
865 834 912 863 τὸν
928 834 1045 883 Ἀρχέδη-

248 897 310 922 μον,
339 882 352 912 ὅ
372 881 396 910 δ
418 880 643 919 ἐμπορευσάμενος
659 879 713 916 ἥξει
730 878 817 906 πάλιν
845 877 888 905 καὶ
907 888 985 905 τουτο
1004 875 1048 903 ἐὰν

252 926 316 958 δις’
305 939 320 960 η
338 937 392 962 τρις
406 924 518 961 ποιήσῃς
537 930 540 944 ¹
560 924 603 950 καὶ
619 923 763 959 βασανίσῃς
776 920 809 948 τὰ
824 917 884 968 παρ’
903 918 966 955 ἐμοῦ
980 929 1046 954 πεμ-

250 971 354 1005 φθέντα
378 966 480 998 ἱκανῶς,
509 962 668 1002 θαυμάζοιμ’
689 963 721 991 ἄν
742 963 764 991 εἷ
784 962 819 1000 μὴ
840 961 873 989 τὰ
895 961 956 997 πρὶν
978 958 1046 987 ἀπο-

251 1021 363 1048 ρουμενα
385 1007 452 1036 πολύ
475 1020 519 1036 σοι
541 1008 631 1035 διοίσει
653 1005 668 1041 ἢ
690 1018 722 1034 τα
745 1005 795 1033 νῦν.
821 1003 985 1041 θαρροῦντες
1003 1013 1049 1030 ουν

251 1056 348 1081 ποιεῖτε
371 1051 463 1081 ουτως·
492 1048 525 1099 οὐ)
543 1049 578 1086 μὴ
600 1048 651 1087 γάρ
669 1059 734 1076 ποτε
752 1047 797 1082 τῆς
814 1047 939 1083 ἐμπορίας
957 1054 1050 1078 ταυτης

254 1094 312 1123 ου’τε
331 1093 363 1122 σὺ
382 1094 482 1129 στείλῃς
499 1090 558 1120 ου’τε
576 1091 728 1128 Αρχέδημος
749 1086 936 1140 ἐμπορεύσεται
957 1088 1049 1114 καλλίω

253 1137 296 1164 καὶ
319 1136 531 1171 θεοφιλεστέραν.
566 1131 677 1169 εὐλαβοῦ
695 1136 708 1150 *
725 1133 813 1168 μέντοι
832 1128 933 1166 μήποτε
956 1130 1050 1164 ἐκπέσῃ

807 1171 901 1207 σχεδὸν
926 1183 989 1209 γαρ,
1018 1168 1051 1200 ὡς

254 1222 311 1258 ἐμοι
329 1221 405 1251 δοκεῖ,
426 1217 471 1247 οὐκ
491 1220 544 1247 ἐστι
562 1230 660 1246 τουτων
677 1216 753 1267 πρὸςἵ
761 1215 822 1246 τοὺς
838 1213 951 1245 πολλοὺς
968 1225 1049 1240 κατα-

253 1260 429 1302 γελαστότερα
453 1259 616 1298 ἀκουσματα,
639 1258 695 1288 ουδ
721 1259 754 1287 αὖ
777 1258 844 1295 πρὸς
865 1267 926 1287 τους
952 1253 1053 1291 εὐφυεῖς

255 1302 474 1356 θαυμαστοτερα)
481 1315 508 1331 τε
526 1316 569 1331 και
587 1299 866 1336 ἐνθουσιαστικώτερα
885 1297 1008 1328 πολλάκις
1027 1298 1052 1324 δὲ

255 1346 379 1386 λεγόμενα
397 1347 442 1374 καὶ
460 1343 500 1373 ἇει
519 1343 664 1381 ακουόμενα
683 1356 726 1371 και
743 1341 827 1370 πολλὰ
847 1342 888 1375 ἔτη
902 1351 986 1378 μογις,
1004 1339 1051 1370 ω’ς-

255 1401 304 1427 περ
324 1387 434 1426 χρυσός,
459 1389 644 1423 ἐκκαθαίρεται
667 1385 732 1423 μετὰ
755 1384 850 1418 πολλῆς
867 1383 1052 1420 πραγματείας.

257 1431 272 1460 ὅ
295 1432 322 1459 δὲ
345 1429 505 1467 θαυμαστὸν
527 1427 608 1457 αυτοῦ
633 1431 749 1466 γέγονεν,
778 1425 900 1454 α’κουσον.
927 1424 978 1452 εἰσὶ
1003 1423 1054 1461 γὰρ

259 1473 399 1510 ἂνθρωποι
424 1484 506 1500 ταυτα
530 1470 680 1506 ακηκοότες,
707 1470 750 1498 καὶ
777 1470 891 1499 πλείους,
919 1466 1025 1494 δυνατοι
1049 1471 1054 1485 ¹

255 1518 302 1553 μέν
318 1518 427 1552 μαθεῖν,
452 1514 556 1542 δυνατοὶ
571 1514 598 1541 δὲ
614 1513 790 1550 μνημονεῦσαι
807 1510 851 1538 καὶ
869 1510 1057 1545 βασανίσαντες

257 1570 343 1594 παντῃ
364 1555 469 1605 nusum-¹9
494 1559 589 1593 κρῖναι,
616 1557 735 1594 γέροντες
755 1552 803 1588 η’δη
825 1552 868 1580 καὶ
891 1549 937 1579 οὐκ
960 1549 1056 1578 ἐλάττω

257 1599 408 1652 τριάκοντα
415 1598 477 1627 ετῶν
495 1596 641 1633 ακηκοότες,
665 1609 690 1625 οι
708 1596 752 1624 νῦν
771 1594 828 1632 α’ρτι
847 1595 922 1629 σφίσι
939 1593 1006 1628 φασὶ
1024 1590 1056 1619 τὰ

257 1645 304 1680 μὲν
318 1640 377 1670 τότε
394 1639 558 1669 ἀπιστότατα
574 1638 687 1689 δόξαντα
706 1637 770 1666 εἶναι
787 1637 832 1665 νῦν
849 1634 996 1663 πιστότατα
1014 1634 1057 1662 καὶ

259 1687 434 1722 ἐναργέστατα
460 1684 619 1731 φαίνεσθαι,
648 1681 664 1709 ὁὶ
687 1682 714 1709 δὲ
741 1678 799 1708 τότε
825 1676 986 1709 πιστότατα,
1014 1676 1058 1704 νῦν

259 1725 417 1755 τούναντίον.
452 1725 519 1762 πρὸς
540 1722 610 1752 ταῦτ
631 1724 677 1752 οὖν
699 1722 806 1751 σκοπῶν
827 1719 937 1756 εὐλαβοῦ
958 1717 1059 1756 μήποτέ

261 1781 304 1797 σοι
320 1766 484 1806 μεταμελήσῃ
502 1766 553 1795 τῶν
570 1767 614 1794 νῦν
633 1764 743 1797 ἀναξίως
761 1762 929 1792 ἐκπεσόντων.
950 1762 1058 1799 μεγίστη

261 1812 287 1839 δὲ
305 1810 405 1847 φυλακὴ
423 1809 453 1837 τὸ
470 1809 505 1860 μὴ
522 1820 640 1847 γραφειν,
660 1805 711 1834 αλλ’
730 1804 913 1843 ἐκμανθανειν·
934 1801 965 1832 οὗ
985 1809 988 1823 ¹
1007 1802 1058 1840 γὰρ

262 1855 316 1881 {cm
337 1851 369 1880 τὰ
391 1854 526 1890 γραφέντα
542 1849 577 1887 μὴ
600 1862 645 1878 ουκ
668 1851 791 1877 ἐκπεσεῖν
819 1847 861 1874 διὰ
884 1846 966 1874 ταῦτα
985 1843 1060 1873 ουδὲν

260 1892 360 1923 πωποτ’
380 1893 429 1932 ἐγὼ
447 1905 506 1930 περι
521 1891 619 1921 τούτων
629 1894 762 1943 γέγραφα,
778 1887 833 1918 οὐδ
853 1890 907 1917 ἔστι
923 1899 1057 1925 συγγραμ-

260 1950 297 1974 μα
315 1935 459 1967 Πλάτωνος
481 1933 556 1963 οὐδὲν
578 1932 634 1962 οὐδ
656 1935 741 1965 ἔσται,
764 1931 796 1960 τὰ
820 1932 846 1959 δὲ
868 1931 913 1958 νῦν
934 1932 1059 1967 λεγομενα

261 1977 417 2016 Σωκρατους
444 1978 498 2005 ἐστὶ
522 1976 604 2005 καλοῦ
629 1976 673 2004 καὶ
700 1977 759 2003 νέου
783 1971 931 2012 γεγονότος.
960 1973 1059 2009 ἴῤῥωσο

262 2022 305 2049 καὶ
326 2022 438 2052 πείθου,
466 2020 510 2047 καὶ
530 2018 577 2054 τὴν
603 2017 740 2052 ἐπιστολὴν
766 2027 861 2050 ταυτην
887 2026 932 2042 νυν
957 2015 1061 2051 πρώτον

264 2062 387 2094 πολλακις
405 2060 534 2100 αναγνοὺς
550 2072 724 2089 κατακαυσον.
743 2076 783 2080 -—
803 2058 890 2086 Ταῦτα
907 2059 954 2093 μὲν
972 2067 1060 2092 ταυτῃ.

264 2107 321 2142 περὶ
345 2106 371 2132 δὲ
388 2106 540 2136 Πολυξένου
562 2102 732 2140 εθαυμασας,
756 2100 796 2129 ὅτι
815 2112 846 2128 ου
863 2100 993 2135 πέμψαιμί
1011 2109 1062 2125 σοι.

266 2147 315 2185 ἐγὼ
343 2147 369 2175 δὲ
391 2147 435 2174 καὶ
455 2146 515 2183 περὶ
536 2145 708 2182 Λυκόφρονος
731 2150 735 2164 ¹
758 2143 801 2171 καὶ
826 2142 876 2170 τῶν
905 2140 987 2168 ἄλλων
1013 2139 1064 2167 τῶν

263 2189 335 2226 παρὰ
359 2189 403 2217 σοὶ
425 2187 506 2216 όντων
527 2190 591 2226 λέγω
613 2200 656 2215 και
677 2186 759 2214 παλαι
781 2184 824 2213 καὶ
845 2183 890 2212 νῦν
911 2182 958 2210 τὸν
985 2180 1064 2209 αὐτὸν

265 2231 351 2269 λόγον,
376 2230 416 2258 ὅτι
433 2230 500 2267 πρὸς
516 2230 546 2258 τὸ
566 2229 735 2264 διαλεχθῆναι
752 2227 795 2256 καὶ
812 2237 889 2261 φυσει
906 2237 949 2252 και
966 2224 998 2261 τῇ
1015 2235 1062 2261 με-

266 2273 342 2301 θόδιιι
361 2272 411 2300 τῶν
428 2271 512 2310 λόγων
532 2271 658 2309 πάμπολυ
680 2272 807 2320 διαφέρεις
828 2266 924 2299 αυτῶν,
951 2279 995 2294 και
1017 2263 1062 2294 οὐ-

266 2316 316 2346 δεὶς
339 2313 423 2342 αυτῶν
444 2314 507 2342 ἑκὼν
529 2316 697 2352 ἐξελέγχεται,
719 2311 754 2344 ὥς
774 2321 840 2341 τινες
859 2307 1062 2345 υπολαμβανου-

267 2370 319 2390 tm,
343 2355 394 2384 ἀλλ
416 2355 527 2387 ἄκοντες.
546 2368 589 2384 και
608 2357 691 2386 δοκεις
706 2357 793 2392 μέντοι
810 2364 881 2380 πανυ
896 2352 1004 2388 μετρίως
1021 2362 1062 2378 κε-

263 2400 386 2437 χρῆσθαι
407 2410 433 2427 τε
456 2397 545 2430 αὐτοις
566 2398 609 2426 καὶ
632 2397 807 2447 δεδωρῆσθαι.
834 2394 916 2422 ταῦτα
938 2395 985 2430 μὲν
1005 2404 1065 2429 περι

266 2453 374 2473 τουτων,
402 2440 486 2468 πολλὰ
505 2439 539 2471 ὥς
555 2440 615 2477 περὶ
632 2438 763 2468 τοιούτων.
811 2438 955 2464 Φιλιστίωνι
978 2435 1015 2467 δὲ,
1043 2434 1065 2462 εἶ

264 2486 311 2521 μὲν
330 2481 408 2514 αυτὸς
422 2482 486 2520 χρῇ,
505 2481 610 2519 σφόδρα
623 2481 690 2519 χρῶ,
709 2481 731 2509 εἶ
750 2482 776 2508 δὲ
795 2477 851 2508 οιόν
868 2490 909 2510 τε,
927 2478 1063 2505 Σπευσίπ-

266 2538 306 2553 πω
326 2532 329 2545 ¹
347 2526 447 2562 χρῆσον
464 2537 508 2552 και
526 2522 694 2561 απόπεμψον.
713 2524 793 2551 δεῖται
811 2522 838 2549 δὲ
854 2519 904 2548 σοῦ
918 2520 961 2547 καὶ
975 2517 1063 2547 Σπεύ-

268 2578 376 2598 σιππος·
403 2566 530 2602 ὑπέσχετο
550 2567 577 2594 δε
591 2578 638 2603 μοι
655 2566 698 2593 καὶ
719 2566 866 2595 Φιλιστίων,
889 2562 912 2590 εἷ
934 2574 967 2589 συ
990 2559 1066 2597 ἀφίης

269 2608 355 2641 αυτόν,
374 2609 441 2658 η’ξειν
459 2607 606 2661 προθύμως
622 2606 756 2642 Αθήναζε.
801 2604 854 2635 Τὸν
873 2607 898 2632 ἐκ
916 2604 967 2632 τῶν
984 2606 1063 2631 λιθο-

269 2652 362 2687 τομιῶν
380 2663 408 2679 ευ
426 2653 550 2686 ἐποίησας
568 2648 647 2687 ἀφείς.
667 2649 765 2686 ἐλαφρὰ
785 2650 812 2677 δὲ
830 2645 845 2683 ἦ
861 2647 944 2681 δέησις
958 2658 1000 2673 και
1016 2657 1063 2674 πε-

269 2694 294 2730 ρὶ
315 2693 365 2721 τῶν
387 2693 491 2721 οικετῶν
515 2691 596 2721 αὐτοῦ
613 2693 657 2720 καὶ
674 2703 733 2729 περι
748 2690 916 2729 “Ηγησίππου
933 2687 980 2716 τοῦ
998 2690 1063 2728 Ael-

789 169 1084 199 EPISTOLA
1122 171 1159 197 ll.

1199 171 1246 196 ET
1285 171 1338 198 111.

1091 259 1200 280 στωνος·
1228 252 1373 280 ἐπέστειλας
1388 248 1440 287 γάρ
1456 261 1514 286 μοι,
1533 247 1565 276 ἄν
1584 259 1619 279 τις
1637 246 1710 284 ἀδικῇ
1727 246 1742 282 ἢ
1762 246 1854 275 τοῦτον
1870 246 1886 282 ἢ

1092 293 1200 322 ἐκείνους
1223 291 1266 318 καὶ
1288 290 1320 318 σὺ
1343 293 1441 327 αἴσθῃ,
1466 290 1501 328 μὴ
1523 292 1674 327 ἐπιτρέψειν.
1716 290 1773 317 Καὶ
1793 290 1852 326 περὶ
1874 293 1886 306 *

1092 334 1261 361 Λυσικλείδου
1282 331 1397 367 τάληθὲς
1418 332 1498 360 εἷπεῖν
1516 331 1600 364 ἄξιον·
1625 331 1707 368 μόνος
1723 330 1775 368 γὰρ
1793 330 1844 358 τῶν
1861 334 1887 358 ἐκ

1092 376 1210 405 Σικελίας
1230 373 1356 409 Ἀθήναζε
1379 372 1538 411 ἀφικομένων
1560 372 1634 402 οὐδὲν
1654 372 1807 411 μετεβάλετο
1830 373 1890 410 περὶ

1094 417 1138 451 τῆς
1156 416 1202 451 σῆς
1219 417 1262 444 καὶ
1281 416 1339 452 ἐμῆς
1357 417 1508 448 συνουσίας,
1536 414 1587 443 ἀλλ’
1609 414 1649 443 ἀεί
1669 427 1693 443 τι
1715 413 1825 452 ἀγαθὸν
1845 414 1889 442 καὶ

1095 460 1137 486 ἐπὶ
1154 458 1187 486 τὰ
1206 459 1292 495 βελτίω
1310 460 1390 495 λέγων
1405 458 1465 494 περὶ
1481 457 1532 485 τῶν
1547 456 1693 495 γεγονότων
1711 457 1826 484 διατελεῖ.

1912 292 1949 311 81⁵

1397 675 1584 697 TPITH.

1140 736 1268 770 ῙῙλατων
1292 743 1420 778 Διονυσίῳ
1443 743 1543 778 χαίρειν
1571 742 1713 772 ἐπιστείλας
1740 736 1778 778 αρ’
1804 739 1896 778 ορθῶς

1098 783 1130 812 ἂν
1151 783 1302 822 τυγχάνοιμι
1321 790 1325 804 ¹
1348 783 1392 818 τῆς
1414 784 1544 819 βελτίστης
1565 782 1741 833 προςρήσεωςς
1765 782 1780 818 ἢ
1796 783 1894 820 μᾶλλον
1914 785 1938 817 ,Β

1097 826 1164 855 κατὰ
1186 826 1231 861 τὴν
1253 825 1313 863 ἐμὴν
1331 824 1475 860 συνήθειαν
1491 837 1598 863 γραφων
1615 825 1642 852 εὖ
1660 836 1793 862 πραττειν,
1812 825 1894 862 ὥςπερ
1914 821 1918 894 k
1940 860 1947 863 η

1098 871 1185 897 εἴωθα
1208 871 1234 896 ἐν
1256 871 1313 898 ταῖς
1332 870 1480 898 ἐπιστολαῖς
1497 866 1558 898 τοὺς
1575 868 1665 902 φίλους
1682 877 1895 918 προςαγορευειν;

1100 910 1132 939 σὺ
1157 913 1204 947 μὲν
1228 909 1280 948 γὰρ
1303 909 1332 944 δὴ
1354 910 1397 937 καὶ
1419 909 1465 937 τὸν
1488 908 1565 941 θεόν,
1588 907 1622 940 ὦς
1643 907 1763 946 ἤγγειλαν
1786 909 1811 936 οἱ
1837 907 1896 937 τότε

1101 952 1273 990 θεωροῦντες,
1300 954 1437 989 προςεῖπες
1459 954 1485 979 ἐν
1507 953 1618 987 Δελφοῖς
1640 962 1709 978 αυτω
1730 949 1812 987 τούτῳ
1836 953 1895 978 θω-

1099 1006 1199 1026 πευσας
1216 1007 1251 1032 τῳ
1269 992 1369 1032 ῥήματι,
1388 994 1431 1021 καὶ
1448 995 1589 1032 γέγραφας,
1608 991 1642 1024 ὦς
1658 994 1733 1029 φασί,

1168 1047 1240 1076 χαῖρε
1253 1045 1294 1067 καὶ
1307 1042 1429 1075 ἡδόμενον
1437 1044 1525 1093 βίοτον
1536 1042 1629 1071 διάσωζ
1630 1052 1639 1066 ε
1650 1041 1783 1074 τυράννου.

1102 1088 1150 1126 ἐγὼ
1170 1088 1196 1115 δὲ
1214 1085 1273 1115 οὐδὲ
1292 1085 1438 1123 ἀνθρώπῳ,
1464 1085 1499 1123 μὴ
1517 1085 1557 1114 ο’τι
1576 1085 1605 1121 δη
1624 1092 1628 1106 ¹
1647 1085 1716 1122 θεῷ,
1739 1087 1898 1122 παρακελευ-
1929 1088 1944 1108 C

1102 1142 1196 1167 σαιμην
1215 1142 1246 1156 αν
1262 1129 1325 1166 δρᾶν
1339 1128 1426 1160 τοῦτο,
1443 1127 1500 1165 θεῳ
1513 1130 1567 1164 μέν,
1584 1127 1623 1156 ὅτι
1638 1128 1710 1165 παρὰ
1726 1126 1805 1163 φύσιν
1818 1138 1899 1165 προς-

1102 1169 1216 1208 τάττοιμ
1238 1181 1279 1198 αν”
1308 1169 1397 1208 πόρρω
1419 1170 1470 1208 γὰρ
1488 1168 1580 1205 ἡδονῆς
1596 1171 1696 1206 ιδρυται
1713 1170 1756 1197 καὶ
1774 1168 1854 1204 λυπης
1870 1169 1900 1198 τὸ

1104 1217 1192 1242 θεῖον·
1221 1211 1356 1249 ανθρώπῳ
1375 1213 1412 1244 δέ,
1441 1211 1480 1240 ὅτι
1498 1211 1530 1240 τὰ
1549 1212 1632 1239 πολλὰ
1652 1211 1747 1264 βλαβην
1764 1210 1841 1247 ηδονὴ
1859 1224 1903 1239 και

1103 1256 1169 1290 λυπη
1186 1255 1274 1293 γεννᾷ,
1303 1255 1450 1292 δυςμαθίαν
1468 1266 1511 1282 και
1528 1253 1614 1289 λήθην
1631 1255 1674 1281 καὶ
1693 1252 1843 1290 ἇφροουνην
1860 1254 1903 1281 καὶ

1104 1299 1177 1336 υβριν
1200 1299 1322 1326 τίκτουσα
1346 1301 1372 1324 ἐν
1393 1297 1424 1333 τῇ
1442 1297 1520 1334 ψυχῇ.
1543 1297 1586 1324 καὶ
1603 1296 1684 1324 ταῦτα
1701 1298 1748 1333 μὲν
1766 1295 1847 1327 ου’τως
1864 1295 1900 1324 εἶ-

1106 1341 1202 1379 ρήσθω
1224 1338 1284 1389 παρ’
1306 1340 1368 1376 ἐμου
1389 1340 1447 1376 περὶ
1469 1339 1513 1374 τῆς
1534 1337 1709 1375 προςρήσεως·
1737 1337 1770 1366 σὺ
1792 1336 1815 1365 δ
1836 1350 1900 1366 ανα-

1105 1383 1182 1422 γνοὺς
1214 1394 1292 1413 αυτα,
1326 1380 1380 1418 ὅπῃ
1411 1380 1496 1417 βουλει
1527 1381 1670 1413 δέξασθαι,
1705 1392 1786 1416 ταυτῃ
1822 1381 1904 1415 δέχου.

1111 1426 1182 1453 Φασι
1200 1423 1222 1452 δ
1244 1436 1290 1452 ουκ
1309 1422 1403 1461 ὀλίγοι,
1431 1425 1511 1461 λέγειν
1532 1435 1562 1451 σε
1583 1422 1651 1460 πρός
1673 1433 1744 1453 τινας
1764 1421 1815 1450 τῶν
1832 1421 1905 1460 παρὰ

1108 1470 1138 1496 σὲ
1157 1474 1161 1487 ¹
1180 1465 1387 1504 πρεσβευόντων,
1415 1464 1449 1497 ὦς
1467 1464 1518 1502 ἄρα
1537 1464 1586 1493 σοῦ
1603 1467 1668 1493 ποτὲ
1685 1467 1806 1503 λέγοντος
1823 1462 1901 1493 ἀκου-
1930 1467 1949 1486 D

1108 1521 1158 1541 σας
1180 1509 1229 1547 ἐγὼ
1249 1510 1387 1546 μέλλοντος
1407 1506 1454 1539 τάς
1475 1519 1502 1536 τε
1521 1506 1664 1542 Ἑλληνίδας
1680 1506 1768 1538 πόλεις
1786 1510 1812 1535 ἐν
1828 1512 1903 1535 Σικε-

1108 1554 1148 1588 λίᾳ
1167 1551 1266 1584 οἶκίζειν
1284 1563 1327 1578 και
1344 1551 1542 1600 Συρακουσίους
1559 1550 1736 1585 ἐπικουφίσαι,
1760 1547 1806 1584 τὴν
1828 1547 1908 1587 αρχὴν

1109 1593 1166 1622 αντὶ
1196 1593 1345 1630 τυραννίδος
1374 1592 1411 1622 εἷς
1437 1593 1569 1628 βασιλείαν
1593 1589 1807 1628 μεταστήσαντα,
1834 1589 1904 1619 ταῦτ

1110 1649 1160 1674 αρα
1179 1637 1209 1664 σε’
1225 1638 1272 1672 μὲν
1289 1646 1348 1663 τοτε
1367 1633 1519 1666 διεκωλυσα,
1546 1632 1580 1665 ὥς
1599 1633 1631 1662 σὺ
1649 1632 1711 1670 φῄς,
1735 1633 1785 1662 σοῦ
1803 1632 1908 1671 σφόδρα

1108 1679 1344 1715 προθυμουμένου,
1366 1677 1411 1704 νῦν
1432 1677 1459 1704 δὲ
1478 1678 1565 1703 Δίωνα
1588 1675 1732 1712 διδασκοιμι
1754 1675 1817 1713 δρᾶν
1841 1687 1907 1703 αυτα

1109 1721 1204 1752 ταῦτα,
1231 1731 1273 1747 και
1296 1722 1351 1750 τοῖς
1373 1717 1527 1755 διανοήμασι
1549 1721 1604 1749 τοῖς
1626 1721 1683 1748 σοῖς
1700 1717 1745 1752 τὴν
1763 1717 1811 1767 σὴν
1830 1716 1909 1754 ἀρχὴν

1111 1760 1300 1799 ἇφαιρουμεθά
1323 1773 1360 1789 σε.
1390 1767 1394 1781 ¹
1419 1773 1451 1788 συ
1474 1758 1497 1787 δ’
1521 1760 1543 1788 εἳ
1563 1762 1610 1796 μέν
1631 1772 1653 1788 τι
1677 1759 1718 1787 διὰ
1738 1759 1798 1791 τοὺς
1815 1758 1908 1801 λόγους
1934 1761 1952 1780 Ε

1110 1815 1219 1835 τουτους
1236 1802 1340 1839 ὠφελεῖ,
1366 1801 1515 1841 γιγνώσκεις
1533 1800 1622 1834 αὐτός,
1646 1799 1740 1833 ἆδικεῖς
1757 1800 1781 1829 δ
1802 1813 1848 1830 ουν
1866 1803 1908 1838 ἐμὲ

1112 1846 1235 1875 τᾶναντία
1257 1846 1308 1874 τῶν
1328 1847 1471 1883 γενομένων
1493 1846 1578 1882 λέγων.
1606 1843 1669 1879 α’δην
1689 1856 1741 1882 γαρ
1761 1842 1814 1872 ’ὑπὸ
1836 1846 1906 1871 Φιλι-

1113 1890 1202 1917 στίδου
1219 1888 1263 1916 καὶ
1281 1886 1364 1915 ἄλλων
1381 1886 1483 1915 πολλῶν
1500 1886 1567 1924 πρὸς
1584 1886 1644 1917 τοὺς
1660 1884 1849 1923 μισθοφόρους
1865 1886 1909 1913 καὶ

1111 1931 1147 1962 εἷς
1168 1931 1198 1959 τὸ
1220 1931 1407 1967 Συρακουσίων
1427 1928 1533 1964 πλῆθος
1555 1927 1694 1963 διεβλήθην
1716 1927 1757 1956 διὰ
1779 1926 1809 1956 τὸ
1827 1930 1910 1965 μένειν

1113 1977 1139 2002 ἐν
1157 1971 1305 2010 ἀκροπόλει,
1323 1971 1384 2003 τοὺς
1402 1969 1425 1998 δ’
1447 1972 1559 2003 ἔξωθεν,
1577 1973 1604 1998 εἴ
1616 1983 1639 1998 τι
1656 1972 1771 2008 γίγνοιτο
1792 1968 1907 2007 ἁμάρτη-

1111 2028 1161 2053 μα,
1183 2015 1237 2042 πᾶν
1259 2014 1295 2046 εἰς
1316 2016 1359 2051 ἐμὲ
1380 2015 1492 2051 τρέπειν,
1520 2015 1550 2041 σὲ
1572 2011 1723 2049 φάσκοντας
1743 2024 1830 2040 παντα
1853 2012 1910 2049 ἐμοὶ

1112 2059 1272 2086 πείθεσθαι.
1299 2056 1331 2084 συ
1350 2054 1374 2083 δ’
1396 2053 1473 2086 αυτὸς
1491 2053 1577 2083 οισθα
1596 2057 1749 2090 σαφέστατα
1767 2054 1817 2082 τῶν
1834 2056 1909 2082 πολι-

1113 2099 1189 2128 τικῶν
1211 2101 1253 2148 ἐμΣε1
1276 2099 1321 2127 σοὶ
1342 2098 1414 2134 κοινῇ
1436 2096 1704 2135 πραγματευσάμενον
1725 2096 1816 2124 ἑκόντα
1836 2094 1910 2134 ὀλίγα

1114 2147 1127 2160 *
1145 2141 1175 2177 δὴ
1192 2154 1240 2169 κατ
1269 2138 1357 2178 ἇρχας,
1377 2139 1420 2168 ὅτε
1438 2152 1462 2168 τι
1479 2141 1558 2167 πλέον
1574 2142 1659 2167 ποιεῖν
1677 2137 1709 2166 ἄν
1727 2137 1826 2175 ᾠήθην,
1845 2136 1910 2166 ἅλλα

1113 2196 1141 2213 τε
1184 2185 1264 2221 ραχέα
1292 2181 1357 2210 ἅττα
1383 2182 1426 2209 καῖ
1453 2182 1512 2219 περὶ
1537 2194 1569 2209 τα
1595 2181 1646 2209 τῶν
1672 2179 1758 2218 νόμων
1786 2182 1912 2218 προοίμια

1115 2224 1304 2255 σπουδασαντα
1325 2225 1439 2261 μετρίως.
1464 2224 1543 2260 χωρὶς
1566 2235 1601 2251 ων
1628 2235 1661 2251 συ
1686 2225 1871 2260 προςέγραψας
1896 2235 1912 2258 η

1114 2279 1152 2299 τις
1170 2268 1264 2305 ἕτερος·
1294 2264 1379 2294 ἆκουω
1387 2266 1448 2318 γὰρ
1465 2265 1576 2303 ὕστερον
1591 2264 1662 2302 υμῶν
1680 2276 1750 2296 τινας
1768 2263 1834 2292 αὐτὰ
1853 2265 1909 2292 δια-

1116 2313 1262 2347 σκευωρεῖν·
1282 2309 1344 2344 δῆλα
1361 2307 1411 2345 μὴν
1428 2307 1536 2358 ἑκάτερα
1555 2319 1627 2335 εσται
1642 2310 1698 2338 τοῖς
1714 2306 1745 2335 τὸ
1764 2306 1826 2344 ἐμὸν
1841 2301 1913 2342 ἦθος

1116 2354 1264 2389 δυναμένοις
1285 2352 1383 2388 κρίτᾞειν
1412 2348 1464 2377 ἀλλ’
1484 2351 1542 2382 οὐν,
1570 2349 1634 2387 ὅπερ
1657 2347 1749 2386 ἇρτίως
1770 2347 1856 2382 εἶπον,
1879 2346 1912 2378 οὗ

1116 2394 1236 2432 διαβολῆς
1257 2393 1415 2430 προςδεομαι
1435 2391 1503 2429 πρός
1523 2404 1550 2420 τε
1567 2393 1765 2429 Συρακουσίους
1781 2391 1825 2419 καὶ
1842 2390 1865 2419 εἷ
1882 2389 1913 2426 δή

1116 2447 1186 2467 τινας
1203 2438 1304 2473 ετὲρους
1321 2436 1424 2466 πείθεις
1441 2437 1520 2472 λέγων
1539 2432 1617 2466 αὐτα,
1645 2431 1709 2461 ἀλλὰ
1732 2432 1799 2461 πολὺ
1814 2432 1913 2470 μᾶλλον

1116 2477 1276 2531 ἀπολογίας
1279 2484 1282 2498 ¹
1301 2475 1368 2514 πρός
1385 2489 1412 2505 τε
1430 2476 1475 2512 τὴν
1492 2478 1622 2514 προτέραν
1637 2477 1774 2514 γενομένην
1792 2474 1913 2512 διαβολὴν

1116 2534 1160 2550 και
1181 2520 1226 2556 τὴν
1247 2519 1292 2547 νῦν
1312 2517 1364 2556 μετ’
1385 2521 1480 2554 ἐκείνην
1494 2520 1569 2556 μείζω
1587 2519 1716 2554 φυομένην
1733 2529 1776 2544 και
1794 2517 1911 2554 σφοδρο-

1117 2566 1199 2600 τέραν.
1217 2561 1284 2599 πρὸς
1302 2560 1348 2589 δυο
1367 2560 1397 2596 δή
1413 2573 1459 2597 μοι
1477 2560 1563 2591 διττὰς
1581 2558 1724 2598 αναγκαῖον
1741 2558 1913 2595 ποιήσασθαι

1116 2605 1163 2636 τὰς
1185 2602 1339 2642 ἀπολογίας,
1362 2603 1467 2640 πρῶτον
1485 2605 1543 2640 μέν,
1571 2600 1604 2633 ὦς
1625 2600 1729 2632 εἰκότως
1750 2613 1794 2630 σοι
1816 2601 1913 2639 ἔφυγον

1117 2650 1246 2676 κοινωνεῖν
1262 2658 1322 2683 περι
1339 2645 1371 2673 τὰ
1389 2646 1433 2694 τῆς
1449 2644 1548 2676 πόλεως
1565 2655 1715 2682 πραγματα,
1734 2642 1764 2672 τὸ
1783 2643 1810 2672 δὲ
1825 2642 1910 2671 δευτε-

1117 2701 1172 2727 ρον,
1191 2687 1225 2720 ὦς
1242 2686 1289 2717 οὐκ
1307 2687 1367 2725 εμὴν
1384 2686 1479 2723 ταύτην
1495 2690 1597 2725 εἶρηκας
1614 2685 1760 2724 συμβουλὴν
1777 2682 1837 2714 οὐδὲ
1855 2685 1911 2713 δια-

1936 2140 1974 2159 316
