1998 3084
128 289 162 306 7:39

189 161 237 186 4⁶2⁶.)

189 237 295 275 ὁτῳοῦν,
315 234 413 264 απλοῦς
431 235 456 260 δέ
475 245 517 260 και
536 230 637 266 ἀληθής
656 228 701 262 ἆεί,
718 228 782 267 μήτε
801 228 878 261 ἄλλος
894 229 982 257 τοιοῦ-

189 291 233 310 τος
259 278 294 306 ὧν
321 275 399 304 αὐτὸν
425 272 584 308 διαπατήσει.
626 271 661 299 H
681 270 710 306 δη
732 275 745 289 *
767 270 797 298 τὸ
819 270 884 307 μετὰ
906 271 984 299 τοῦτο

189 319 272 358 (φορά,
295 317 420 354 καθάπερ
438 316 536 343 πεττῶν
556 312 599 350 ἀφ’
608 314 687 363 ἱεροῦ
705 313 749 348 τῆς
765 313 816 340 τῶν
833 311 920 361 νόμων
937 324 984 340 κα-

190 361 326 396 τασκευῆς,
350 357 437 394 ἀήθης
455 358 535 389 οὖσα,
558 368 607 391 ταχ
632 354 663 383 ἄν
681 354 824 392 θαυμασαι
841 354 888 382 τὸν
905 352 984 382 ἀκού-

192 417 254 433 οντα
273 403 302 431 τὸ
320 401 425 439 πρῶτον
442 396 634 434 ποιήσειεν·οὗ
648 397 699 435 μὴν
715 395 766 424 ἇλλ
785 395 987 434 ἀναλογιζομένῳ

191 448 234 474 καὶ
255 446 400 493 πειρωμένῳ
421 445 541 478 φαιεῖται
563 442 683 477 δευτέρως
705 438 737 467 ἂν
757 438 831 470 πόλις
854 439 989 466 οἰκεῖσθαι

192 488 258 525 πρὸς
280 486 309 514 τὸ
333 486 471 522 βέλτιστον.
498 482 566 518 τιίχα
588 481 612 509 6
635 494 680 510 ουκ
704 480 735 509 οἷν
757 492 794 512 τις
820 481 988 518 προςδέξαιτο

194 530 272 564 αυτὴν
295 528 336 555 διὰ
358 527 387 555 τὸ
409 526 444 564 μὴ
467 525 582 561 σύνηθες
603 526 738 562 νομοθέτῃ
759 523 794 561 μὴ
812 523 987 560 τυραννοῦντι·

193 572 223 601 τὸ
248 570 271 599 6
294 582 362 598 εστιν
384 567 536 606 ὀρθότατα,
559 567 640 595 εἰπεῖν
659 569 706 604 μὲν
727 565 772 601 τὴν
790 564 897 615 ἀρίστην
914 567 988 592 πολι-

194 616 263 643 τείαν
285 626 329 640 και
351 613 469 649 δευτέραν
490 623 533 638 και
551 611 647 647 τρίτην,
670 609 759 636 δοῦναι
778 609 804 635 δὲ
822 606 930 635 εἷπόντα
949 619 989 634 αι-

195 668 266 694 ρεσιν
285 662 289 676 ¹
309 654 408 690 ἑκάστῳ
426 654 461 690 τῷ
479 653 523 688 τῆς
541 650 712 686 συνοικήσεως
719 652 813 699 Πκυρίῳ.
831 649 947 686 ποιῶμεν
962 647 991 683 δὴ

196 698 262 727 κατὰ
290 697 383 725 τοῦτον
410 695 455 724 τὸν
481 694 560 733 λόγον
582 707 625 722 και
646 693 679 721 τὰ
701 693 746 721 νῦν
768 691 850 729 ἡμεῖς,
877 690 993 721 εἰπόντες

198 740 274 778 ἆρετῆ
297 750 400 776 πρωτην
417 739 549 765 πολιτείαν
566 737 608 764 καῖ
627 737 746 772 δευτέραν
764 736 807 762 καὶ
824 736 920 772 τρίτην·
948 732 993 768 τηι

198 785 224 811 δὲ
247 784 345 820 αἵρεσιν
366 782 469 816 Κλεινίᾳ
492 792 518 807 τε
541 777 704 815 αποδιδῶμεν
725 777 756 804 τὰ
779 777 823 804 νῦν
845 788 887 804 και
908 778 940 811 εἰ
957 786 994 805 τις

199 824 275 856 ἄλλος
302 823 333 851 ἂν
359 822 454 857 δηποτε
481 820 629 873 ἐθελήσειεν
656 820 697 848 ἐπι
723 831 768 854 την
793 818 844 846 τῶν
869 829 994 846 τοιουτωι

199 866 304 905 ἐκλογὴν
326 864 413 893 ἐλθὼν
438 863 504 892 κατὰ
531 863 577 891 τὸν
603 862 696 890 ἑαυτοῦ
722 860 823 899 τρόπον
850 858 992 897 ἀπονείμα-

200 914 269 938 σθαι
287 908 316 936 τὸ
335 909 411 944 φίλον
429 905 498 943 αὖτῷ
515 906 559 940 τῆς
577 904 657 933 αὑτοῦ
674 904 804 941 πατρίδος,
849 908 880 930 Χ.
898 901 995 939 Πρώτη

198 955 245 989 μὲν
266 952 351 979 τοίνυν
372 948 446 980 πόλις
468 951 495 976 τέ
517 951 570 976 ἐστι
588 948 632 975 καὶ
649 947 764 975 πολιτεία
783 946 826 973 καὶ
843 944 919 982 νόμοι
938 943 994 982 ἄρι-

202 1006 271 1026 στοι,
299 991 368 1021 ὅπου
388 991 418 1019 τὸ
441 989 524 1018 πάλαι
544 988 684 1028 λεγόμενον
706 987 738 1016 ἄν
761 994 765 1009 ¹
787 990 905 1026 γίγνηται
930 985 996 1014 κατὰ

200 1038 291 1064 πᾶσαν
312 1034 358 1084 την
378 1033 454 1061 πόλιν
476 1032 491 1060 ὅ
513 1045 536 1060 τι
552 1031 677 1072 μάλιστα
705 1032 803 1069 λέγεται
822 1031 848 1058 δὲ
867 1028 901 1061 ὡς
918 1027 998 1059 όντως

202 1079 257 1107 ἐστι
274 1089 347 1106 κοινα
366 1075 397 1104 τὰ
416 1077 502 1112 φίλων.
521 1072 588 1102 τοῦτ
607 1074 653 1102 οὖν
670 1076 719 1101 εἴτε
736 1085 790 1101 που
807 1072 852 1100 νῦν
871 1074 939 1100 ἔστιν
953 1069 996 1099 εἴτ

204 1123 275 1149 ἔσται
293 1121 364 1151 ποτέ,
383 1117 470 1149 κοινὰς
486 1119 533 1154 μὲν
549 1119 679 1155 γυναῖκας,
697 1114 800 1146 κοινοὺς
814 1115 841 1142 δὲ
856 1112 921 1142 εἶναι
934 1117 997 1141 παῖ-

204 1165 261 1195 δας,
288 1161 361 1190 κοινὰ
385 1162 411 1188 δὲ
430 1159 550 1197 χρήματα
573 1158 720 1196 ξυμπαντα,
746 1169 789 1185 και
806 1169 886 1205 παση
898 1168 983 1194 μηχαι
984 1168 999 1192 η

203 1206 233 1234 τὸ
257 1204 394 1243 λεγόμειον
413 1204 477 1230 ι’διον
494 1200 666 1251 πανταχόθεν
684 1204 710 1228 ἐκ
727 1199 776 1228 τοῦ
793 1199 851 1236 βίου
869 1198 940 1226 α’παν
958 1201 998 1229 ἐξ-

204 1247 308 1286 ᾐρηται,
330 1257 505 1284 μεμηχανηται
527 1242 551 1271 δ’
572 1254 608 1274 εις
629 1242 659 1271 τὸ
682 1242 792 1291 δυνατόν
813 1254 856 1269 και
874 1240 907 1269 τὰ
925 1240 1001 1276 φύσει

205 1292 256 1318 ιδια
279 1288 352 1318 κοινὰ
375 1288 492 1326 ἁμηγέπη
512 1288 658 1338 γεγονέναι,
682 1283 739 1313 οἷον
760 1282 865 1321 ὄμματα
887 1284 930 1311 καὶ
948 1283 1001 1310 ὦτα

206 1333 249 1362 καὶ
272 1335 361 1368 χεῖρας
387 1329 460 1358 κοινὰ
486 1331 532 1366 μὲν
559 1327 623 1370 ὁρᾶν
651 1328 735 1355 δοκεῖν
761 1339 806 1354 και
832 1324 934 1354 ἆκουειν
960 1325 1003 1352 καὶ

206 1386 335 1412 πραττειν,
356 1379 359 1393 ¹
380 1375 492 1400 ἐπαινεῖν
509 1384 522 1399 τ
547 1383 580 1398 αυ
597 1383 640 1398 και
657 1372 746 1408 ’ψὴειν
760 1366 825 1396 καθ
842 1380 867 1396 εν
883 1367 899 1396 ὅ
912 1379 937 1396 τι
949 1366 1001 1405 μα’-

207 1420 282 1446 λιστα
304 1414 454 1453 ξύμπαντας
476 1414 517 1441 ἐπι
539 1416 593 1444 τοῖς
616 1411 705 1443 αὐτοῖς
723 1412 865 1449 χαίροντας
889 1423 933 1438 και
958 1412 1002 1437 λυ-

208 1461 362 1496 πουμένους,
385 1457 427 1485 καῖ
449 1455 514 1484 κατὰ
538 1454 644 1493 δύναμιν
666 1456 757 1485 οιτινες
774 1452 851 1491 νόμοι
867 1455 930 1490 μίαν
948 1452 963 1480 ὅ
982 1464 1003 1479 τι

208 1501 321 1540 μάλιστα
343 1499 419 1528 πόλιν
442 1497 642 1536 απεργιὶζονται,
667 1509 766 1525 τουτων
786 1494 917 1534 ὑπερβολῇ
939 1494 1006 1532 πρὸς

186 1579 187 1584 1
210 1543 302 1582 ἀρετὴν
327 1541 409 1573 ουδείς
435 1553 499 1570 ποτε
527 1540 590 1578 ὅρον
618 1539 696 1568 ἄλλον
722 1541 834 1576 θέμενος
858 1536 1007 1590 ὀρθότερον

210 1585 270 1616 οὐδὲ
296 1586 383 1623 βελτίω
412 1582 532 1620 θήσεται.
559 1581 574 1618 ἡ
597 1585 643 1620 μὲν
666 1582 694 1617 δὴ
717 1594 823 1616 τοιαυτη
845 1580 930 1613 πόλις,
957 1582 1006 1607 εἴτε

209 1641 262 1658 που
284 1628 348 1656 θεοὶ
369 1626 384 1662 ἢ
406 1628 497 1657 παῖδες
514 1625 587 1654 θεῶν
606 1623 684 1660 αυτὴν
702 1624 805 1653 οἶκοῦσι
822 1625 925 1654 πλείους
943 1620 1006 1654 ἑνός,

211 1683 278 1700 ουτω
297 1670 428 1702 διαζῶντες
445 1667 642 1706 εὐφραινόμενοι
660 1666 822 1695 κατοικοῦσι·
846 1665 885 1694 διὸ
905 1664 935 1700 δὴ
953 1677 1004 1692 πα-

211 1712 336 1765 ροῖδειγμα
358 1724 387 1751 γε
408 1713 538 1742 πολιτείας
561 1708 607 1738 οὐκ
630 1709 693 1747 ἄλλῃ
717 1716 720 1730 ¹
742 1708 792 1747 χρὴ
811 1712 930 1740 σκοπεῖν,
955 1705 1005 1735 ἄλλ

212 1759 346 1806 ἐχομένους
372 1765 467 1789 ταυτης
492 1753 536 1789 τὴν
563 1752 578 1781 ὅ
604 1765 627 1780 τι
650 1751 764 1789 μάλιστα
786 1750 907 1786 τοιαύτην
929 1752 1010 1785 ζητεῖν

211 1798 277 1827 κατὰ
297 1797 408 1849 δύναμιν.
435 1795 466 1832 ἢν
484 1797 509 1823 δέ
529 1795 573 1824 νῦν
590 1794 660 1832 ἡμεῖς
677 1793 907 1831 ἐπικεχειρήκαμεν,
927 1796 964 1827 εἴη
982 1804 1009 1820 τε

213 1840 245 1869 ἄν
262 1843 383 1879 γενομένη
401 1850 456 1870 πως
475 1837 629 1887 ἀθανασίας
647 1836 775 1876 ἐγγυτατα
793 1849 836 1864 και
854 1834 869 1871 ἦ
886 1837 933 1873 μία
951 1836 1007 1863 δευ-

212 1886 299 1921 τέρως“
324 1884 409 1920 τρίτην
427 1882 453 1909 δὲ
469 1880 545 1922 μετὰ
554 1880 645 1912 ταῦτα,
664 1879 709 1907 ἑαν
726 1879 793 1910 θεὸς
811 1881 899 1915 ἐθέλῃ,
918 1879 1007 1905 διαπε-

213 1924 375 1963 ρανουμεθα.
404 1923 448 1952 νῦν
470 1922 492 1950 6
515 1924 561 1951 οὐν
581 1934 677 1957 ταυτην
698 1923 753 1950 τίνα
772 1924 878 1960 λέγομεν
896 1921 939 1948 καὶ
956 1919 1011 1950 πῶς

213 1970 350 2007 γειομένην
377 1965 409 1994 ἂν
434 1978 567 2001 τοιαυτην;
598 1964 765 2002 Νειμασθων
787 1966 834 2001 μὲν
856 1963 885 1999 δὴ
907 1963 1012 2000 πρῶτον

213 2010 261 2049 γῆν
278 2022 305 2038 τε
323 2010 365 2037 καῖ
384 2009 478 2040 οικίας,
501 2021 544 2036 και
560 2007 596 2045 μή
613 2007 685 2044 κοινῇ
707 2005 902 2057 γεωργούντων,
927 2004 1011 2039 ἐπειδὴ

214 2053 244 2081 τὸ
263 2052 383 2081 τοιοῦτον
401 2055 413 2069 *
430 2049 548 2088 μείζον’
534 2063 549 2086 η
566 2049 633 2078 κατὰ
651 2049 696 2085 τὴν
713 2049 758 2077 νῦν
774 2051 890 2089 γένεσιν
891 2048 935 2076 καὶ
949 2059 1010 2085 τρο-

215 2096 266 2132 φὴι
288 2108 330 2122 και
351 2095 486 2121 παίδευσιν
508 2096 615 2130 εἴρηται·
643 2094 781 2129 νεμέσθων
807 2090 832 2118 6
859 2102 905 2119 ουν
926 2089 1012 2126 τοιᾷδε

217 2138 316 2173 διανοίᾳ
338 2147 405 2168 πως,
428 2134 462 2167 ὦς
480 2134 531 2173 ἄρα
550 2136 589 2163 δεῖ
605 2134 651 2163 τὸν
668 2133 782 2169 λαχόντα
800 2133 845 2169 τὴν
863 2133 932 2168 λῆξιν
948 2131 1011 2160 ταυ-

217 2192 262 2215 την
284 2181 392 2216 νομίζειν
411 2191 458 2215 μεν
480 2178 566 2213 κοινήν
589 2175 667 2213 αὐτὴν
688 2176 732 2212 τῆς
752 2175 852 2207 πόλεως
870 2174 1013 2224 ξυμπασης,

217 2222 342 2260 πατρίδος
363 2222 390 2249 δὲ
412 2219 491 2256 οὔσης
513 2231 556 2256 της
571 2219 659 2257 χώρας
676 2218 834 2256 θεραπευειν
853 2216 930 2252 αὐτὴν
949 2216 1014 2255 [δεῖ]

216 2263 336 2305 μειζόνως
353 2262 368 2298 ἢ
384 2265 481 2301 μητέρα
498 2263 602 2295 παῖδας,
621 2261 656 2299 τῷ
671 2262 714 2289 καὶ
729 2262 869 2290 δέσποιναν
883 2259 952 2288 θεὸν
968 2271 1013 2286 αυ-

218 2307 263 2342 τὴν
290 2318 373 2334 ουσαν
395 2304 501 2341 θνητῶν
522 2304 604 2333 ὄντων
625 2306 769 2343 γεγονέναι,
797 2301 879 2332 ταυτα
903 2300 926 2329 6
953 2303 1017 2352 ἔχειν

220 2348 379 2386 διανοήματα
406 2348 450 2376 καὶ
475 2348 534 2385 περὶ
559 2346 621 2378 τοὺς
646 2348 784 2385 ἐγχωρίους
809 2344 893 2376 θεους
913 2356 940 2372 τε
963 2343 1016 2381 α’μα

219 2405 262 2420 και
281 2392 412 2443 δαίμονας.
442 2388 513 2421 ὅπως
531 2387 554 2417 6
573 2388 605 2417 ἂν
624 2396 628 2410 ¹
647 2389 729 2417 ταῦτα
747 2389 783 2420 εἷς
800 2388 847 2417 τὸν
865 2385 905 2415 ἀεὶ
920 2386 1018 2424 χρόνον

221 2434 302 2465 ου’τως
317 2434 408 2469 ἔχοντα
425 2430 544 2469 ὖπιίρχῃ,
562 2431 623 2460 τάδε
641 2432 868 2469 προςδιανοητέον,
888 2429 950 2458 ὅσαι
967 2429 1018 2457 εἰσὶ

220 2477 252 2505 τὰ
271 2476 315 2505 νῦν
332 2474 391 2513 ημῖν
408 2476 490 2503 ἑστίαι
513 2475 712 2511 διανεμηθεῖσαι
733 2473 780 2502 τὸν
801 2472 930 2511 ἀριθμόν,
953 2484 1016 2500 ταυ-

220 2530 267 2550 τας
285 2520 337 2546 δεῖν
355 2516 395 2546 ἀεὶ
412 2515 543 2547 τοσαύτας
560 2514 625 2544 εἶναι
642 2529 685 2545 και
701 2515 763 2553 μήτε
778 2529 802 2544 τι
816 2517 919 2546 πλείους
932 2517 1017 2563 γίγνε-

223 2565 293 2589 σθαι
313 2559 376 2598 μήτε
393 2561 419 2588 τί
434 2571 499 2587 ποτε
518 2557 645 2590 ἐλαττους.
672 2557 718 2586 ὡδ
735 2562 782 2587 οὐν
801 2558 832 2586 ἂν
850 2558 879 2586 τὸ
898 2556 1020 2585 τοιοῦτον

223 2604 331 2640 βεβαίως
347 2604 461 2641 γίγνοιτο
480 2613 539 2639 περι
555 2600 646 2629 πᾶσαν
663 2601 708 2636 τὴν
725 2600 810 2628 πόλιν·
839 2600 852 2629 ὁ
871 2599 957 2651 λαχών
974 2598 1021 2627 τὸν

223 2647 315 2683 κλῆρον
337 2646 508 2673 καταλειπέτω
532 2641 571 2671 αεὶ
592 2654 686 2679 ταυτης
709 2643 750 2677 τῆς
769 2654 891 2678 οικησεως
908 2642 951 2670 ἕνα
967 2640 1017 2679 μό-

223 2700 269 2716 νον
286 2687 445 2726 κληρονόμοι
466 2686 514 2714 τῶν
531 2686 624 2714 ἑαυτοῦ
647 2686 758 2717 παίδων,
782 2684 812 2713 ὂν
831 2685 862 2713 ἄν
881 2696 949 2712 αυτω
965 2682 1018 2721 μά-

859 151 1153 178 PLATONIS

1036 232 1110 257 λιστα
1137 223 1153 265 ᾖ
1179 231 1265 265 φίλον,
1293 228 1414 265 διάδοχον
1439 230 1482 257 καὶ
1506 228 1671 266 θεραπευτὴν
1693 229 1765 257 θεῶν
1786 229 1829 256 καὶ

1036 274 1125 309 γένους
1142 271 1186 298 καὶ
1202 269 1307 303 πόλεως,
1328 277 1332 291 ¹
1351 272 1401 299 τῶν
1418 284 1443 299 τε
1462 271 1559 304 ζώντων
1576 273 1618 299 καὶ
1638 271 1716 302 ὅσους
1735 270 1766 297 ι’ίν
1782 269 1829 306 ἤδη
1857 278 1872 298 C

1037 315 1108 343 τέλος
1130 311 1166 354 ὶῖἷς
1186 311 1233 339 ’τὸν
1254 311 1312 339 τότε
1333 312 1429 350 χρόνον
1452 315 1502 351 ἔχῃ.
1529 313 1590 345 τοὺς
1612 315 1637 341 δὲ
1656 312 1747 344 ἄλλους
1764 316 1827 340 παῖ-

1039 356 1095 386 δας,
1119 357 1157 384 οἱς
1175 352 1207 381 ἂν
1223 355 1325 385 πλείους
1342 354 1399 386 ἑνὸς
1414 357 1563 393 γίγνωνται,
1588 357 1696 390 θηλείας
1712 366 1739 383 τε
1758 354 1830 383 ἐκδό-

1040 400 1110 424 σθαι
1131 394 1197 423 κατὰ
1220 394 1300 432 νόμον
1321 395 1367 423 τὸν
1389 397 1643 434 ἐπιταχθησόμενον,
1667 396 1776 435 ἄρρενας
1798 408 1832 429 τε,

1041 436 1079 468 οἷς
1097 435 1129 464 ἂν
1146 437 1190 472 τῆς
1203 439 1326 474 γενέσεως
1341 440 1440 475 ἐλλείπῃ
1455 440 1505 466 τῶν
1518 440 1637 472 πολιτῶν,
1656 439 1758 470 τούτοις
1772 440 1834 470 υἱεῖς

1042 481 1173 515 διανέμειν,
1192 478 1258 506 κατὰ
1274 491 1351 516 χαριν
1367 482 1413 516 μὲν
1429 480 1552 517 μαλιστα·
1572 481 1617 509 εὰν
1635 483 1661 509 δέ
1676 494 1741 509 τισιν
1757 482 1832 509 ἐλλεί-

1041 533 1110 549 πωσι
1129 532 1244 558 χαριτες,
1266 520 1282 556 ἢ
1303 523 1405 552 πλείους
1426 524 1540 560 ἐπίγονοι
1560 525 1696 562 γίγνωνται
1716 523 1803 558 θήλεις
1820 521 1835 558 ἢ

1042 574 1106 594 τινες
1129 562 1232 604 αρ’ῥενες
1254 561 1381 595 ἑκαστων,
1403 562 1418 598 ἢ
1435 576 1479 591 και
1495 563 1656 598 τουναντίον,
1680 565 1743 593 όταν
1761 564 1833 593 ἐλάτ-

1043 616 1104 637 τους
1121 605 1177 654 ὦσι,
1196 606 1295 632 παίδων
1314 603 1426 642 αφορίας
1439 609 1581 643 γενομένης,
1598 619 1702 636 παντων
1718 614 1722 628 ¹
1739 606 1836 636 τούτων

1043 646 1124 686 ἀρχὴν
1140 646 1171 682 ἢν
1189 659 1221 675 αν
1242 645 1361 684 θώμεθα
1382 649 1504 685 μεγίστην
1524 649 1567 676 καὶ
1587 649 1750 686 τιμιωτάτην,
1774 649 1837 684 αὕτη

1044 692 1199 727 σκεψαμένη,
1218 691 1243 717 τί
1257 689 1306 726 χρὴ
1321 689 1444 727 χρῆσθαι
1460 693 1515 721 τοῖς
1531 694 1735 729 περιγενομένοις
1751 691 1766 727 ἢ
1784 695 1839 722 τοῖς

1046 734 1201 764 ἐλλείπουσι,
1225 734 1348 769 ποριζέτω
1365 731 1481 780 μηχανὴν
1499 731 1515 760 ὅ
1531 744 1555 760 τι
1571 731 1696 770 μάλιστα,
1720 733 1790 765 ὅπως
1812 734 1840 761 αἶ

1044 775 1240 809 πεντακιςχίλιαι
1267 786 1309 801 και
1336 773 1526 811 τετταράκοντα
1553 774 1663 810 οἰκήσεις
1689 774 1729 804 αεὶ
1758 775 1840 814 μόνον

1047 818 1159 845 ε’σονται.
1184 828 1299 854 μηχαναι
1321 815 1345 843 δ’
1367 816 1418 843 εἶσὶ
1439 818 1543 844 πολλαί
1570 817 1613 844 καῖ
1630 817 1681 855 γὰρ
1700 821 1841 854 ἐπισχέσεις

1045 861 1168 898 γενέσεως
1186 862 1224 889 οἱς
1242 857 1274 885 ἂν
1291 856 1382 895 εὔρους
1398 871 1414 895 η
1431 860 1540 897 γένεσις,
1559 859 1602 886 καὶ
1619 857 1768 888 τουναντίον
1786 864 1840 888 ἐπι-

1045 904 1142 939 μέλειαι
1163 901 1207 928 καὶ
1229 901 1344 929 σπουδαὶ
1364 899 1485 935 πλήθους
1505 912 1667 939 γεννηματων
1688 902 1739 930 εἰσὶ
1759 905 1844 939 τιμαῖς

1047 955 1075 972 τε
1097 944 1141 971 καὶ
1159 941 1261 980 ἀτιμίας
1278 943 1321 970 καὶ
1338 942 1513 978 νουθετήσεσι
1530 944 1680 980 πρεσβυτῶν
1696 944 1756 982 περὶ
1773 946 1845 975 νέους

1048 985 1090 1013 διὰ
1109 984 1193 1024 λόγων
1212 991 1215 1006 ¹
1235 984 1426 1020 νουθετητικῶν
1446 983 1606 1018 ἀπαντῶσαι,
1626 985 1747 1014 δύνανται
1761 989 1845 1015 ποιεῖν

1049 1026 1065 1057 ὅ
1082 1030 1196 1066 λέγομεν.
1223 1027 1267 1055 καὶ
1284 1027 1314 1062 δὴ
1332 1028 1374 1054 καὶ
1392 1026 1423 1055 τό
1440 1038 1470 1066 γε
1491 1029 1573 1060 τέλος,
1597 1027 1628 1056 ἂν
1649 1028 1724 1056 πᾶσα
1747 1027 1844 1066 ἀπορία

1048 1071 1108 1108 περὶ
1125 1069 1170 1106 τήν
1188 1068 1312 1098 ἀνίσωσιν
1328 1069 1378 1097 τῶν
1395 1072 1598 1105 πεντακιςχιλίων
1616 1071 1658 1097 καὶ
1674 1070 1844 1108 τετταράκον-

1050 1125 1082 1141 τα
1102 1115 1178 1141 οἴκων
1191 1114 1316 1151 γίγνηται,
1336 1113 1450 1147 ἐπίχυσις
1465 1113 1491 1140 δὲ
1505 1111 1704 1150 ὑπερβάλλουσα
1720 1112 1779 1151 ἡμῖν
1793 1126 1844 1141 πο-

1050 1155 1125 1183 λιτῶν
1146 1154 1188 1182 διὰ
1210 1153 1405 1191 φιλοφροσυνην
1425 1154 1470 1189 τὴν
1492 1154 1542 1182 τῶν
1564 1155 1747 1186 ξυνοικούντων
1770 1154 1845 1191 ἀλλη-

1051 1200 1105 1228 λοις
1123 1197 1250 1234 συμβαίνῃ
1268 1197 1311 1224 καὶ
1330 1194 1476 1234 απορῶμεν,
1494 1197 1524 1225 τὸ
1542 1197 1655 1225 παλαιόν
1672 1210 1724 1226 που
1738 1196 1848 1235 ὑπάρχει

1050 1238 1201 1277 μηχάνημα,
1221 1238 1236 1267 6
1253 1237 1377 1269 πολλακις
1393 1241 1506 1280 εἴπομεν,
1519 1239 1643 1288 ἐκπομπὴ
1662 1238 1787 1268 ἀποικιῶν
1803 1242 1847 1277 φί-

1053 1284 1082 1317 λη
1099 1283 1235 1320 γιγνομένη
1252 1280 1325 1318 παρὰ
1343 1283 1433 1318 φίλων,
1457 1282 1491 1308 ών
1514 1280 1545 1309 ἂν
1563 1281 1703 1317 ἐπιτήδειον
1721 1294 1785 1310 ειναι
1803 1283 1847 1311 δο-

1052 1324 1092 1362 κῇ.
1120 1323 1165 1352 ἐὰν
1187 1322 1210 1351 6
1233 1335 1266 1351 αυ
1288 1324 1331 1351 καὶ
1348 1321 1499 1351 τουναντίον
1517 1326 1617 1361 ἐπέλθη
1634 1327 1698 1353 ποτὲ
1716 1324 1783 1362 κῦμα
1801 1337 1847 1353 κα-

1053 1365 1201 1404 τακλυσμὸν
1217 1369 1298 1403 φέρον
1316 1370 1328 1383 *
1346 1364 1431 1393 νόσων
1445 1365 1460 1400 ἢ
1475 1368 1593 1403 πολέμων
1607 1365 1711 1404 φθορά,
1731 1366 1850 1398 ἐλάττους

1055 1410 1082 1437 δὲ
1099 1408 1167 1437 πολὺ
1185 1408 1232 1436 τοῦ
1250 1411 1405 1459 τεταγμένου
1424 1406 1542 1445 ἀριθμοῦ
1561 1407 1590 1436 δι’
1614 1407 1740 1446 ὀρφανίας
1755 1412 1848 1448 γένων-

1055 1463 1110 1484 ται,
1138 1450 1243 1482 ἑκόντας
1263 1453 1310 1488 μὲν
1333 1450 1364 1478 ου
1387 1452 1423 1479 δεῖ
1445 1452 1553 1482 πολίτας
1573 1451 1761 1489 παρεμβαλλειν
1778 1451 1851 1488 νόθη

1056 1495 1159 1530 παιδείᾳ
1181 1494 1408 1530 πεπαιδευμένους,
1437 1491 1550 1531 ανάγκην
1572 1494 1597 1521 δε
1620 1493 1678 1522 οὐδὲ
1701 1493 1768 1526 θεὸς
1789 1492 1853 1522 εἶναι

1057 1539 1156 1575 λέγεται
1175 1535 1283 1567 δυνατὸς
1301 1535 1447 1572 βιάζεσθαι.
1482 1541 1525 1563 XI
1545 1534 1621 1564 Ταῦτ
1639 1548 1685 1565 ουν
1703 1536 1732 1571 δὴ
1749 1536 1796 1565 τὸν
1809 1537 1854 1565 νῦν

1057 1577 1196 1627 λεγόμενον
1217 1577 1297 1617 λόγον
1319 1577 1376 1615 ἡμῖν
1397 1578 1485 1615 φῶμεν
1505 1582 1652 1616 παραινεῖν,
1679 1581 1798 1617 λέγοντα·
1825 1579 1854 1606 Ὠ

1057 1621 1161 1649 πάντων
1184 1619 1283 1658 ἀνδρῶν
1306 1619 1419 1673 ἄριστοι,
1446 1620 1492 1656 τὴν
1517 1619 1659 1658 ὁμοιότητα
1680 1622 1724 1649 καὶ
1746 1620 1854 1657 ἰσότητα

1059 1665 1102 1692 καὶ
1124 1663 1153 1692 τὸ
1176 1661 1272 1691 ταυτὸν
1293 1663 1336 1690 καὶ
1355 1661 1565 1701 ὁμολογουμένον
1582 1663 1702 1701 τιμῶντες
1718 1663 1784 1692 κατὰ
1802 1663 1852 1700 φύ-

1059 1718 1100 1735 σιν
1119 1706 1155 1744 μὴ
1177 1704 1258 1734 ἀνίετε
1279 1704 1345 1733 κατά
1368 1717 1395 1733 τε
1417 1703 1534 1743 ἀριθμὸν
1556 1718 1599 1733 και
1616 1705 1707 1735 πᾶσαν
1725 1705 1840 1759 δύναμιν
1849 1712 1853 1726 ¹

1059 1761 1104 1798 την
1125 1748 1176 1777 τῶν
1197 1748 1281 1776 καλῶν
1298 1746 1428 1786 κάγαθῶν
1444 1759 1615 1786 πραγματων·
1643 1761 1686 1776 και
1704 1748 1733 1784 δὴ
1751 1761 1794 1776 και
1811 1748 1856 1776 νῦν

1060 1792 1106 1819 τὸν
1128 1790 1246 1829 ἀριθμὸν
1266 1793 1312 1828 μὲν
1334 1790 1438 1827 πρῶτον
1460 1790 1500 1817 διὰ
1525 1791 1582 1827 βίου
1603 1790 1702 1822 παντὸς
1724 1790 1855 1828 φυλάξατε

1060 1833 1106 1862 τὸν
1126 1834 1269 1871 εἰρημένον,
1292 1845 1346 1860 ειτα
1368 1832 1398 1860 τὸ
1422 1832 1464 1869 τῆς
1483 1831 1573 1865 οὐσίας
1589 1832 1658 1883 ὕψος
1676 1845 1702 1861 τε
1720 1846 1763 1861 και
1778 1836 1854 1872 μέγε-

1061 1880 1122 1909 θος,
1143 1875 1158 1904 ὅ
1175 1876 1205 1904 τὸ
1223 1876 1328 1913 πρῶτον
1346 1877 1485 1912 ἐνείμασθε
1501 1878 1605 1913 μέτριον
1623 1875 1660 1908 όν,
1677 1875 1712 1913 μὴ
1728 1874 1854 1925 ἀτιμάση-

1061 1931 1088 1947 τε
1106 1919 1141 1956 τῷ
1159 1930 1185 1946 τε
1203 1916 1332 1946 ὠνεῖσθαι
1351 1930 1393 1945 και
1411 1918 1446 1954 τῷ
1463 1920 1557 1946 πωλεῖν
1574 1917 1641 1956 πρὸς
1659 1916 1786 1954 ἀλλήλους.
1810 1916 1856 1947 ου’-

1062 1973 1088 1989 τε
1106 1961 1157 1999 γὰρ
1176 1960 1190 1989 6
1209 1962 1295 1998 νείμας
1312 1960 1412 1997 κλῆρον,
1431 1972 1466 1988 ων
1483 1959 1558 1993 θεός,
1575 1958 1635 1998 υμῖν
1652 1959 1791 1999 ξύμμαχος,
1811 1959 1856 1989 ου’-

1062 2016 1088 2032 τε
1112 2002 1126 2032 6
1149 2005 1307 2040 νομοθέτης
1334 2003 1378 2030 νῦν
1398 2001 1449 2041 γὰρ
1473 2002 1502 2037 δὴ
1523 2002 1627 2055 πρῶτον
1648 2003 1684 2040 τῷ
1703 2001 1873 2031 απειθοῦντι

1063 2046 1142 2084 νόμος
1164 2057 1326 2083 προςταττει,
1353 2044 1485 2082 προειπὼν
1508 2046 1550 2072 ἐπὶ
1570 2056 1673 2076 τουτοις
1693 2036 1878 2083 κληροῦσθαι

1064 2089 1109 2117 τὸν
1128 2090 1254 2116 ἐθέλοντα
1275 2094 1278 2107 ¹
1297 2086 1312 2122 ἢ
1328 2099 1363 2124 μη
1381 2087 1557 2124 κληροῦσθαι,
1582 2098 1617 2119 ως
1632 2087 1737 2125 πρῶτον
1752 2090 1799 2126 μέν
1816 2087 1877 2123 τῆςι
1874 2083 1880 2103 ⁸

1064 2131 1110 2170 γῆς
1128 2131 1198 2168 ἱερᾶς
1216 2129 1295 2165 ου’σης
1312 2129 1362 2157 τῶν
1379 2141 1483 2157 παντων
1501 2129 1580 2162 θεῶν,
1599 2142 1654 2158 ειτα
1673 2131 1759 2168 ἱερέων
1775 2142 1802 2158 τε
1817 2131 1861 2158 καὶ

1065 2173 1161 2212 ιερειῶν
1183 2171 1259 2208 ευχὰς
1279 2174 1458 2209 ποιησομένων
1480 2172 1521 2199 ἐπι
1542 2175 1597 2203 τοῖς
1618 2184 1731 2210 πρωτοις
1755 2171 1861 2210 θύμασι
1884 2172 1885 2176 ’

1065 2217 1109 2245 καὶ
1127 2217 1252 2252 δευτέροις
1269 2227 1313 2242 και
1328 2217 1401 2252 μέχρι
1419 2214 1506 2251 τριῶν,
1528 2214 1574 2243 τὸν
1595 2227 1737 2253 πριαμενον
1757 2214 1773 2251 ἢ
1791 2226 1858 2243 απο-

1067 2258 1175 2296 δόμενον
1197 2259 1232 2285 ὡν
1254 2258 1342 2293 ἔλαχεν
1364 2255 1537 2285 οἷκοπεδων”
1522 2269 1537 2292 η
1554 2258 1671 2295 γηπέδων
1687 2256 1720 2286 τὰ
1739 2258 1781 2285 ἐπὶ
1797 2269 1859 2286 του·
1874 2235 1884 2284 λ

1067 2312 1121 2332 τοις
1142 2302 1274 2337 πρέποντα
1296 2311 1407 2335 πασχειν
1427 2298 1514 2335 παθη.
1540 2298 1689 2351 γράψαντες
1710 2300 1738 2328 δὲ
1760 2303 1786 2328 ἐν
1806 2297 1876 2331 τοιςί

1068 2345 1146 2381 ἱεροῖς
1168 2342 1286 2378 θήσουσι
1312 2343 1492 2379 κυπαριττίνας
1516 2341 1617 2379 μνήμας
1641 2342 1678 2374 εἷς
1702 2342 1749 2371 τὸν
1775 2343 1862 2370 ἔπειτα

1066 2385 1162 2423 χρόνον
1183 2387 1437 2434 καταγεγραμμένας
1464 2383 1531 2422 πρὸς
1551 2383 1654 2416 τούτοις
1676 2382 1699 2412 6’
1722 2385 1757 2413 ἔτι
1777 2386 1860 2421 φυλα-

1068 2440 1157 2466 κτηρια
1175 2439 1280 2459 τουτων,
1301 2426 1371 2458 ὅπως
1389 2439 1421 2454 αν
1437 2429 1566 2476 γίγνηται,
1586 2433 1590 2447 ¹
1609 2425 1820 2479 καταστήσουσιν
1837 2430 1863 2455 ἐν

1069 2483 1149 2508 ταυτη
1168 2469 1218 2498 τῶν
1236 2467 1322 2507 ἀρχῶν
1338 2468 1392 2504 ἥτις
1410 2481 1441 2497 αν
1459 2468 1586 2501 ὀξύτατον
1603 2468 1669 2507 ὅρᾶν
1686 2469 1781 2507 δοκῇ,“
1777 2481 1817 2497 ινα
1836 2469 1864 2497 αἶ

1068 2513 1140 2551 παρὰ
1162 2512 1244 2540 ταῦτα
1266 2511 1389 2540 ἑκάστοτε
1411 2512 1568 2550 παραγωγαὶ
1584 2511 1733 2550 γιγνόμεναι
1748 2511 1784 2549 μὴ
1801 2513 1861 2539 λαν-

1070 2555 1191 2584 θάνωσιν
1208 2553 1314 2587 αὐτούς,
1338 2552 1401 2581 ἄλλα
1419 2553 1546 2586 κολάζωσι
1562 2553 1609 2582 τὸν
1626 2552 1792 2582 ἀπειθοῦντα
1811 2553 1864 2591 ἅμα

1070 2598 1138 2636 νόμῳ
1156 2597 1199 2626 καὶ
1217 2596 1252 2634 τῷ
1269 2596 1333 2634 θεῷ.
1361 2595 1427 2625 ὅσον
1443 2595 1495 2635 γὰρ
1513 2595 1543 2631 δή
1561 2596 1590 2624 τὸ
1607 2596 1651 2625 νῦν
1666 2595 1864 2633 ἐπιταττόμενον

1070 2639 1180 2679 ἀγαθὸν
1201 2638 1231 2667 ὂν
1254 2638 1372 2677 τυγχάνει
1392 2638 1491 2670 πάσαις
1511 2642 1569 2670 ταῖς
1585 2641 1756 2676 πειθομέναις
1772 2637 1863 2668 πόλεσι

1069 2683 1114 2719 τὴν
1135 2684 1261 2720 ἑπομένην
1281 2680 1441 2717 κατασκευὴν
1462 2680 1620 2719 προςλαβόν,
1648 2680 1714 2709 κατὰ
1741 2680 1785 2716 τὴν
1810 2693 1861 2708 πα-

1875 1375 1909 1393 741

1874 2093 1901 2114 0
