1998 3084
247 150 306 172 xw
891 138 1240 166 PRAEFATIO.

250 231 399 277 σώματα
426 228 546 275 θερμοὶ
575 231 632 263 καὶ
661 226 799 275 ψυχρά,
833 229 887 261 καὶ
921 226 1032 262 πάνθ’
1059 224 1126 261 ὅσα
1150 224 1318 271 δυνάμεις
1344 224 1493 271 ἰσχυράς
1517 229 1610 269 ἔχει,
1636 222 1889 270 περιϊστάμενα

251 301 381 340 ἔξωθεν
400 318 448 322 -
468 295 623 341 ἀκαίρως
641 293 723 329 λύει.
776 297 846 333 Pro
873 310 915 333 eo
942 297 1034 332 Par,
1060 297 1104 333 Α,
1135 292 1183 335 ω’ς·
1207 290 1373 334 ξυνιστάς
1398 294 1443 338 τῷ
1463 290 1603 337 σώματι
1619 305 1650 326 κ.
1669 306 1697 326 τ.
1714 293 1742 325 λ.
1794 293 1890 329 Pro-

250 369 337 404 clus
361 363 528 406 ξυνιστάν
552 364 598 408 τῷ
619 372 650 395 σ.
701 364 787 400 Inde
809 377 890 400 nos:
917 360 964 403 οἷς
984 357 1264 404 ξυνιστάμενά
1288 372 1334 405 τῳ
1359 357 1499 403 σώματι
1522 357 1642 404 θερμά
1662 372 1690 392 κ.
1711 372 1738 392 τ.
1758 358 1785 391 λ.
1838 360 1892 394 Ita

250 436 345 471 enim
370 427 606 473 ξννΝῖῑάμὲνα
628 437 665 467 et
691 426 943 473 περιϊστάμενα
967 437 1090 479 argute
1115 430 1207 464 inter
1234 441 1271 464 se
1299 434 1544 476 opponuntur3
1572 428 1748 463 sententia
1773 433 1891 462 autem

250 503 336 537 haec
360 501 473 535 oritur
497 499 601 547 longe
625 511 709 533 sane
733 498 930 545 aptissima:
963 498 1176 546 cogitans,
1204 509 1266 539 ea,
1293 508 1400 542 quae
1427 507 1518 530 cum
1544 507 1721 542 corpore
1747 495 1892 540 aliquo

251 569 434 609 coirent,
463 565 604 601 calida
635 571 762 611 atque
797 565 960 614 frigida
996 570 1036 599 et
1073 564 1245 599 omnino
1282 563 1446 610 magnis
1478 562 1649 597 viribus
1681 561 1892 609 praedita,

251 635 323 671 ubi
361 634 636 669 extrinsecus
672 632 783 667 illud
825 632 1160 673 circumdarent,
1206 629 1291 677 ipsi
1334 630 1492 664 afferre
1532 629 1770 664 interitum.
1832 627 1893 662 Ce-

251 708 367 737 terum
407 701 520 748 possis
562 700 668 734 etiam
708 700 894 748 refingere:
950 694 997 737 ὥς
1038 692 1215 736 ξυσΐάι’ϊα
1258 706 1302 739 ῑῳ
1344 690 1499 736 σώμαῖι,
1540 696 1687 744 vulgata
1721 695 1895 742 scriptura

251 782 331 804 cum
364 768 514 803 lectione
548 767 676 802 codicis
711 766 864 801 Parisini
899 767 936 801 in
971 778 1082 800 unum
1116 764 1315 800 coniuncta.
1385 760 1454 797 Sed
1486 763 1552 798 hoc
1586 767 1668 797 utut
1701 767 1769 804 est,
1805 761 1894 796 illud

252 836 395 883 quidem
422 834 566 869 minime
594 839 648 869 est
679 833 861 876 credibile,
905 831 1069 875 συσῖατῴ
1099 826 1256 870 σώματι,
1290 830 1324 865 11.
1353 842 1382 864 0.
1411 829 1663 876 composito,
1706 828 1894 876 legendum

251 916 342 946 esse,
371 903 453 936 licet
480 901 660 936 Proclus
685 900 722 935 id
745 900 959 936 vocabulum
982 900 1019 934 in
1042 897 1303 934 commentariis
1327 897 1589 944 interpretetur.
1642 895 1818 930 Nimirum
1836 895 1894 929 1110

251 969 424 1017 disputari
449 968 593 1004 omnino
618 968 709 1004 vidit
733 967 775 1002 de
799 979 987 1014 corporum
1011 965 1279 1012 compositione,
1307 964 1455 1010 ideoque
1484 963 1551 998 hoc
1578 963 1721 998 nomine
1749 962 1895 997 arbitrio

252 1051 316 1072 suo
336 1048 420 1071 usus
440 1041 508 1079 est3
534 1047 659 1071 verum
677 1034 795 1069 minus
813 1033 902 1069 illud
921 1033 1110 1069 convenire
1130 1032 1197 1079 ipsi
1217 1031 1411 1066 sententiae
1430 1031 1560 1065 rationi
1578 1031 1680 1066 nobis
1698 1030 1802 1077 plane
1820 1042 1896 1077 pcr-

254 1104 439 1139 suasimus.

354 1171 471 1217 Atque
487 1170 572 1205 haec
588 1169 731 1217 quidem
746 1168 789 1204 de
805 1167 1082 1203 correctionibus
1098 1179 1194 1202 mera
1210 1166 1411 1201 coniectura
1427 1165 1599 1200 admissis.
1619 1164 1792 1200 Videmur
1801 1163 1894 1199 enim

255 1240 312 1274 vel
335 1239 391 1273 his
416 1237 587 1284 exemplis
606 1237 692 1272 satis
711 1235 922 1278 ostendisse,
947 1234 1123 1281 quomodo
1142 1234 1208 1268 hac
1226 1233 1264 1268 in
1282 1245 1320 1268 re
1339 1233 1470 1268 versati
1490 1233 1610 1267 simus.
1663 1231 1773 1266 Plura
1790 1231 1896 1266 etiam

254 1305 402 1341 dicenda
416 1305 533 1339 forent
549 1304 592 1339 de
609 1304 787 1339 codicibus
807 1303 843 1337 in
863 1301 1115 1338 conformanda
1132 1300 1333 1348 philosophi
1353 1301 1511 1335 oratione
1530 1299 1575 1334 ad
1593 1312 1697 1334 usum
1715 1298 1895 1334 adhibitis.

254 1373 389 1408 Verum
407 1372 450 1407 de
468 1372 534 1406 hac
552 1371 695 1418 quidem
713 1384 750 1406 re
768 1370 891 1418 paucis
910 1381 1088 1416 exponere
1106 1368 1236 1403 licebit.
1289 1367 1431 1403 Etenim
1449 1367 1613 1410 sufficiet,
1632 1366 1768 1413 opinor,
1786 1366 1896 1401 verbo

255 1440 448 1482 monuisse,
473 1451 537 1474 nos
562 1451 672 1485 quum
695 1438 779 1472 alibi
800 1443 876 1472 tuni
895 1436 1057 1484 inprimis
1076 1436 1113 1470 in
1132 1436 1217 1471 locis
1236 1435 1494 1470 difficilioribus
1513 1434 1621 1469 libros
1639 1433 1897 1480 manuscriptos

254 1508 370 1542 denuo
389 1506 623 1549 consuluisse,
643 1505 672 1540 si
690 1505 779 1540 sorte
798 1505 874 1539 fieri
892 1509 1021 1551 posset,
1041 1508 1082 1538 ut
1099 1502 1234 1550 ahquid
1253 1502 1290 1537 in
1308 1502 1434 1536 melius
1452 1506 1660 1536 mutaretur.
1713 1500 1753 1535 In
1771 1512 1842 1547 qua
1858 1512 1897 1535 re

255 1587 319 1610 nos
337 1574 445 1609 libere
463 1573 614 1608 fatemur
633 1584 710 1607 eam
729 1577 897 1618 sequutos
916 1583 990 1606 esse
1008 1571 1198 1614 rationem,
1226 1574 1281 1613 ut,
1311 1569 1474 1616 quamvis
1496 1568 1673 1604 codicibus
1691 1567 1895 1603 melioribus

255 1642 491 1677 tribueremus
514 1641 724 1687 plurimum,
753 1645 872 1674 tamen
902 1651 967 1673 nec
995 1638 1214 1685 reliquorum
1243 1636 1414 1672 librorum
1445 1636 1691 1671 auctoritatem
1719 1635 1896 1683 negligen-

255 1709 336 1745 dam
359 1708 566 1743 duceremus
590 1708 739 1754 ideoque
764 1707 922 1755 singulas
940 1706 1109 1741 lectiones
1127 1718 1189 1752 per
1208 1717 1245 1740 se
1263 1709 1501 1752 spectaremus
1519 1708 1625 1749 atque
1643 1715 1707 1737 sua
1724 1702 1896 1750 dignitate

254 1777 529 1811 aestimaremus.
584 1774 820 1810 Vehementer
850 1774 944 1808 enim
974 1785 1092 1808 errare
1121 1773 1200 1808 illos
1231 1771 1460 1813 arbitramur,
1489 1771 1550 1817 qui
1581 1770 1731 1817 optimos
1761 1769 1896 1805 codices

254 1849 433 1890 tamquam
457 1843 578 1877 unicos
603 1842 764 1878 veritatis
789 1847 895 1876 testes
921 1840 1053 1886 ubique
1077 1851 1181 1874 coeca
1204 1838 1272 1873 fide
1301 1843 1499 1884 sequuntur
1528 1849 1720 1883 eorumque
1748 1836 1896 1872 auctori-

255 1911 319 1946 tati
349 1922 424 1945 sese
450 1915 544 1944 totos
573 1909 685 1945 veluti
713 1909 926 1955 mancipant.
979 1907 1070 1943 Nam
1098 1907 1253 1954 primum
1281 1905 1424 1953 quidem
1450 1917 1495 1940 ne
1524 1905 1576 1939 illi
1600 1904 1743 1951 quidem
1766 1903 1896 1951 apertis

254 1984 360 2025 atque
384 1977 580 2012 manifestis
604 1977 783 2011 erroribus
808 1976 910 2010 liberi
935 1980 970 2009 et
994 1975 1168 2009 immunes
1193 1978 1287 2008 sunt.
1333 1972 1469 2008 Deinde
1493 1984 1745 2019 saepenumero
1763 1971 1896 2006 habent

254 2045 420 2080 lectiones
439 2044 612 2091 speciosas
631 2043 784 2090 quidem,
804 2042 865 2078 sed
882 2048 1001 2077 tamen
1020 2054 1094 2085 eas,
1114 2054 1220 2088 quae,
1240 2040 1301 2076 ubi
1320 2040 1507 2088 diligenter
1526 2051 1606 2074 cum
1623 2039 1773 2074 aliorum
1791 2039 1895 2074 libro-

253 2126 333 2148 rum
351 2111 535 2158 scripturis
554 2117 816 2158 comparentur,
841 2110 897 2145 his
922 2110 997 2145 sine
1021 2109 1130 2144 dubio
1153 2107 1416 2156 posthabendae
1440 2106 1553 2142 videri
1577 2106 1743 2149 debeant,
1773 2111 1895 2153 utpote

254 2180 464 2222 subtilitate,
489 2178 679 2227 elegantia,
703 2179 838 2215 virtute
862 2178 1014 2224 denique
1038 2176 1158 2212 alteris
1177 2176 1329 2210 multum
1348 2174 1520 2210 cedentes.
1572 2173 1718 2208 Accedit
1735 2173 1780 2208 ad
1797 2173 1893 2217 haec,

253 2247 348 2294 quod
366 2246 561 2281 innumeris
579 2246 664 2281 locis
683 2259 755 2281 non
774 2245 908 2292 optimi,
927 2245 988 2292 qui
1006 2248 1189 2292 putantur,
1209 2242 1270 2278 sed
1289 2242 1478 2277 deteriores
1497 2241 1579 2276 libri
1597 2240 1622 2275 ii
1641 2245 1734 2283 sunt,
1753 2240 1814 2287 qui
1832 2240 1893 2275 uni

253 2319 359 2361 atque
378 2314 443 2349 soli
462 2326 584 2349 veram
601 2313 760 2348 Platonis
779 2325 924 2347 manum
943 2311 1243 2347 conservaverint.
1271 2309 1327 2344 Ex
1346 2309 1475 2355 quibus
1493 2307 1656 2343 omnibus
1676 2307 1836 2351 efficitur,
1855 2313 1896 2342 ut

253 2381 291 2416 in
317 2381 531 2428 refingendis
555 2380 714 2415 Platonis
743 2380 862 2416 verbis
886 2379 1042 2427 prudens
1066 2378 1210 2425 quidam
1238 2377 1419 2412 variarum
1443 2375 1633 2410 lectionum
1656 2374 1812 2409 delectus
1835 2374 1895 2409 ha-

253 2448 390 2483 bendus
415 2448 475 2490 sit,
505 2448 565 2494 qui
595 2460 705 2494 quum
735 2447 843 2482 libros
872 2446 1146 2494 praestantiores
1170 2457 1234 2491 pro
1259 2456 1324 2479 sua
1347 2455 1505 2490 quosque
1529 2442 1700 2490 dignitate
1724 2441 1894 2483 aestimet,

253 2521 331 2551 tum
348 2515 566 2561 reliquorum
585 2527 725 2561 quoque
744 2514 889 2549 testium
908 2513 1077 2561 suffragia
1094 2512 1189 2547 iusta
1206 2511 1305 2545 lance
1322 2510 1494 2557 ponderet
1512 2515 1547 2544 et
1565 2508 1753 2544 examinet.
1792 2506 1894 2551 Quod

254 2596 323 2629 quo
342 2582 418 2617 iure
437 2581 487 2616 ita
505 2587 712 2623 statuamus,
731 2581 894 2616 videmur
913 2580 1047 2615 dudum
1066 2578 1261 2615 ostendisse
1280 2577 1318 2612 in
1340 2577 1482 2612 Iahnii
1507 2581 1542 2611 et
1565 2575 1727 2611 Klotzii
1749 2574 1894 2610 Annali-

253 2649 320 2684 bus
353 2662 383 2684 a.
417 2650 524 2684 1835.
558 2661 628 2694 quo
663 2648 739 2683 loco
766 2647 982 2696 Euthydemi
1011 2660 1032 2682 a
1059 2645 1390 2682 Winkelmanno
1419 2644 1504 2679 editi
1532 2655 1715 2678 censuram
1742 2642 1893 2690 egimus,
