2050 3084
201 307 224 326 25

205 1849 228 1866 76

247 180 297 206 508

251 258 293 285 ἐπὶ
313 255 360 286 τὰς
377 253 455 285 ἄλλας
472 253 566 287 νήσους
582 256 638 283 τοῖς
654 250 707 279 τότ’
725 252 836 289 ἐγίγνετο
854 254 1045 287 πορευομένοις,

252 302 277 326 ἐκ
296 299 322 325 δὲ
340 297 390 324 τῶν
408 295 491 329 νήσων
509 295 550 321 ἐπὶ
568 294 613 328 τὴν
630 292 782 329 καταντικρὺ
800 292 890 320 πᾶσαν
906 296 918 309 *
935 291 1046 329 ἤπειρον,

252 339 296 374 τὴν
314 339 372 375 περὶ
390 336 436 365 τὸν
455 335 582 370 ἀληθινὸν
601 338 696 375 &neh-01¹
713 333 818 362 πόντον.
845 332 906 362 τάδε
923 336 970 370 μὲν
986 333 1046 371 γάρ,

253 380 304 408 ὅσα
329 379 399 409 ἐντὸς
419 379 466 406 τοῦ
489 377 620 414 στόματος
642 377 672 404 οὑ
695 379 813 414 λέγομεν,
839 377 959 412 φαίνεται
977 375 1048 412 λιμὴν

253 420 343 449 στενόν
360 433 416 448 τινα
436 421 498 454 ἔχων
516 421 643 449 εἷςπλουν“
663 421 742 446 ἐκεῖνο
762 418 789 445 δὲ
806 420 918 455 πέλαγος
937 416 1016 448 ὅντως
1033 417 1049 451 ἥ

252 475 279 491 τε
297 465 452 500 περιέχουσα
471 459 534 488 αὐτὸ
552 461 584 498 γῆ
602 461 732 497 παντελῶς
750 458 858 494 ἀληθῶς
872 457 999 495 ὀρθότατ’
1018 458 1049 487 ἄν

253 508 352 543 λέγοιτο
374 502 486 540 ἤπειρος.
515 506 540 529 ἐν
562 503 588 529 δὲ
611 502 640 536 δὴ
662 502 692 538 τῗ]
714 502 853 529 Ατλαντίδι
875 500 943 537 νησῳ
968 500 1049 537 ταύτῃ

251 546 348 584 μεγαλη
367 548 475 579 συνέστη
493 557 536 572 και
554 544 698 581 θαυμαστὴ
715 543 818 579 διιναμις
834 544 965 579 βασιλέων,
984 555 1045 579 κρα-

252 589 336 616 τοῦσα
353 590 400 624 μὲν
418 585 522 620 ἁπάσης
540 586 583 621 τῆς
600 597 689 620 νησου,
708 585 810 612 πολλῶν
825 586 851 612 δὲ
868 583 950 611 α’λλων
964 584 1048 632 νήσων

253 631 295 657 καὶ
312 629 396 666 μερῶν
413 629 457 663 τῆς
473 626 590 678 ἠπείρου
609 627 676 664 πρὸς
695 628 720 654 δὲ
739 625 841 657 τούτοις
859 628 893 653 ἑτι
912 627 961 653 τῶν
979 626 1050 656 ἐντὸς

253 672 312 708 τῆδε
332 677 335 692 ¹
355 669 451 707 Λιβύης
466 672 513 706 μὲν
529 670 608 706 ἠρχον
624 671 697 705 μέχρι
714 668 780 705 πρὸς
796 671 943 715 Αἴγυπτον,
963 668 1005 703 τῆς
1024 669 1050 695 δὲ

254 712 377 750 Εὐρώπης
397 715 470 763 μέχρι
493 713 640 749 Τυρρηνίας.
669 722 732 745 αυτη
755 710 784 744 δὴ
806 710 881 737 πᾶσα
904 712 1048 747 ξυιαθροι-

254 759 355 783 σθεισα
381 755 417 785 εἰς
443 754 468 781 ἓν
493 752 508 788 ἦ
535 752 638 801 δύναμις
664 751 710 780 τόν
731 763 757 779 τε
779 764 834 788 παρ
860 750 919 788 υμῖν
941 752 984 778 καὶ
1006 751 1050 779 τὸν

253 810 308 833 παρ
335 795 394 833 ἡμῖν
415 796 457 823 καὶ
479 795 525 823 τὸν
548 795 618 825 ἐντὸς
639 795 687 822 τοῦ
709 792 841 830 στόματος
862 792 948 820 πάντα
967 792 1051 820 τόπον

252 839 298 876 μιᾷ
324 841 389 866 ποτὲ
416 839 577 873 ἐπεχείρησεν
608 835 675 873 ὁρμῇ
707 835 880 863 δουλοῦσθαι.
916 834 974 863 τότε
1006 835 1052 863 οὐν

252 880 335 918 υμῶν,
358 892 378 907 ω
400 879 503 910 Σόλων,
528 878 571 913 τῆς
592 877 691 908 πόλεως
712 890 726 912 η
750 876 854 913 δύναμις
875 876 911 907 εἷς
933 877 1052 907 ἅπαντας

254 921 414 971 ἇνθρωπου5
440 919 566 956 διαφανης
593 918 670 956 αρετῇ
701 930 728 946 τε
760 919 803 946 καὶ
834 917 907 956 ρώμῃ
940 921 1050 956 ἐγένετο

253 975 357 991 παντων
373 963 424 1001 γὰρ
441 962 584 999 προστᾶσα
602 960 710 998 ευψυχίᾳ
729 962 771 988 καῖ
788 963 898 995 τέχναις,
923 959 986 988 ο’σαι
1002 972 1049 988 κα-

255 1006 287 1033 τὰ
306 1005 431 1041 πόλεμον,
458 1003 490 1031 τὰ
511 1006 558 1040 μὲν
578 1004 626 1030 τῶν
642 1002 763 1037 Ελληνων
783 1009 786 1022 ¹
805 1001 942 1040 ἡγουμένη,
970 1015 1002 1030 τα
1026 1000 1049 1029 δ’

256 1046 319 1082 αυτὴ
339 1049 496 1084 μονωθεῖσα
519 1048 546 1076 ἐξ
568 1055 679 1082 (ιναγκης
701 1044 751 1072 τῶν
770 1043 852 1071 [ι’λλων
871 1056 1051 1076 αποσταντων,

256 1090 297 1116 ἐπὶ
323 1100 384 1119 τους
411 1087 535 1122 ἐσχατους
563 1085 702 1123 ἀφικομένη
728 1085 869 1118 κινδύνους,
896 1098 1051 1123 κρατησασα

253 1134 300 1167 μὲν
318 1131 369 1158 τῶν
387 1129 510 1158 ἐπιόντων
528 1128 642 1165 τρόπαια
665 1130 768 1163 ὲστησε,
792 1127 853 1159 τοὺς
871 1129 897 1155 δὲ
913 1139 990 1164 μηπω
1009 1129 1049 1155 δε-

256 1174 429 1209 δουλωμένους
452 1169 585 1199 διεκώλυσε
610 1170 787 1205 δουλωθῆναι,
815 1181 875 1200 τους
902 1168 925 1196 δ
952 1168 1051 1202 α’λλους,

256 1214 317 1243 ὅσοι
342 1213 510 1250 κατοικοῦμεν
538 1211 608 1243 ἐντὸς
634 1211 701 1249 ὅρων
725 1211 891 1249 (Ηρακλείων,
925 1210 1053 1247 ἀφθόνως

257 1256 374 1287 ἅπαντας
395 1254 580 1292 ἠλευθέρωσεν.
607 1252 705 1291 ὑστέρῳ
728 1254 754 1281 δὲ
774 1253 860 1290 χρότῳ
879 1254 992 1304 σεισμῶν
1011 1255 1050 1284 ἐξ-

257 1300 347 1326 αισίων
368 1298 410 1325 καὶ
433 1295 618 1332 κατακλυσμῶν
638 1297 791 1333 γενομένων,
812 1295 873 1331 μιᾶς
894 1294 988 1332 ἡμέρας
1010 1295 1053 1322 καὶ

256 1339 345 1370 νυκτὸς
360 1338 473 1374 χαλεπῆς
491 1337 666 1385 ἐπελθούσης,
690 1343 694 1357 ¹
717 1336 747 1364 τό
766 1348 793 1364 τε
810 1348 865 1373 παρ
887 1335 958 1373 υμῶν
974 1336 1051 1373 μαχι-

255 1394 305 1419 μον
322 1382 376 1408 πᾶν
395 1378 501 1417 ἀθρόον
520 1380 562 1407 ἔδυ
579 1379 645 1407 κατὰ
662 1379 720 1416 γῆς,
744 1377 760 1413 ἤ
781 1390 807 1406 τε
825 1379 954 1409 Ατλαντῖς
975 1379 1053 1412 νῆσος

256 1422 374 1454 ὦςαυτως
395 1422 461 1450 κατὰ
479 1421 522 1456 τῆς
540 1420 673 1455 θαλαττης
692 1420 758 1448 δῦσα
776 1418 924 1469 ἠφανίσθη
953 1419 991 1448 διὸ
1010 1421 1053 1447 καῖ

256 1466 301 1493 νῦν
323 1464 425 1513 ἄπορον
446 1476 489 1491 και
511 1462 688 1500 ἇδιερευνιητοι
708 1465 799 1500 γέγωε
817 1462 847 1490 τὸ
866 1466 917 1490 ἐκεῖ
932 1464 1053 1499 πέλαγος,

256 1507 339 1542 πηλοῦ
357 1518 438 1543 καρτα
458 1506 566 1542 βραχέος
585 1504 703 1555 ἐμποδῶν
722 1503 804 1537 όντο5,
825 1516 855 1531 ον
872 1517 887 1539 η
906 1515 984 1538 νησος
999 1505 1051 1536 ἷζο-

255 1552 316 1586 μένη
334 1551 488 1585 παρέσχετο,
532 1553 572 1574 IV.
592 1545 631 1574 Τὰ
648 1549 695 1583 μὲν
713 1546 742 1581 δη
761 1548 885 1583 ῥηθεντα,
904 1558 924 1573 ω
942 1545 1050 1583 Σώκρα-

257 1602 308 1623 τες,
331 1589 382 1618 {md
407 1590 454 1618 τοῦ
474 1589 588 1616 παλαιοῦ
606 1590 714 1625 Κριτίου
736 1586 789 1615 κατ)
812 1586 892 1622 ἀκοὴν
910 1587 954 1622 την
974 1594 977 1608 ¹
996 1587 1051 1615 Σό-

256 1636 349 1664 λωνος,
372 1630 406 1662 ὡς
424 1630 557 1667 συντόμως
574 1630 666 1662 εἰπεῖν,
690 1628 812 1664 ἀκήκοας·
840 1632 960 1668 λέγοντος
978 1631 1004 1657 δὲ
1024 1628 1053 1664 δὴ

253 1677 323 1709 χθὲς
345 1674 395 1702 σοῦ
416 1674 476 1710 περὶ
497 1674 627 1703 πολιτείας
644 1684 670 1700 τε
689 1684 730 1699 και
750 1672 800 1700 τῶν
819 1669 918 1721 ανδρῶι
936 1683 981 1703 ους
999 1672 1051 1700 ἕλε-

255 1728 310 1754 γες,
335 1715 485 1752 ἐθαυμαζον
504 1713 759 1751 αναμιμνησκόμενος
777 1712 856 1747 αὐτα,
880 1713 895 1741 ὰ
918 1714 962 1742 νῦν
980 1717 1052 1752 λέγω,

255 1758 389 1786 κατανοῶν
411 1756 444 1788 ῶς
466 1758 602 1794 δαιμονίως
624 1757 649 1784 ἔκ
671 1767 739 1787 τινο5
756 1767 832 1791 τυχης
850 1754 896 1784 οὐκ
915 1754 968 1783 α’πο
988 1768 1050 1784 σκο-

255 1800 308 1828 ποῦ
332 1802 489 1834 ξυνηνεχθης
512 1799 544 1826 τὰ
568 1798 652 1826 πολλὰ
676 1796 714 1829 οἷς
729 1797 822 1826 Σόλων
845 1802 921 1826 εἶπεν.
950 1810 982 1826 ου
1003 1798 1053 1834 μὴν

255 1841 402 1878 ἐβουλήθην
423 1840 581 1878 παραχρῆμα
604 1840 695 1868 εἰπεῖν·
721 1845 736 1880 J
763 1839 804 1867 διὰ
820 1839 919 1877 χρόνου
935 1839 986 1877 γὰρ
1006 1838 1052 1874 οὐχ

255 1883 348 1914 ἱκανῶς
373 1882 521 1920 ἐμεμνήμην.
550 1881 673 1917 ἐνενόησα
700 1882 758 1914 οὖν,
786 1881 826 1910 ὅτι
849 1881 933 1919 χρεών
958 1885 995 1916 εἴη
1020 1893 1051 1918 με

254 1925 320 1962 πρὸς
343 1924 453 1974 ἐμαυτὸν
474 1924 578 1961 πρῶτον
599 1923 692 1954 ἱκανῶς
712 1935 799 1951 παντα
822 1922 987 1960 αναλαβόντα
1010 1926 1050 1951 λε-

253 1979 308 2005 γειν
330 1967 417 1997 οὕτως.
445 1965 512 1994 ὅθεν
534 1965 598 2001 ταχιὺ
620 1964 823 2015 ξυνωμολόγησά
846 1977 889 1993 σοι
910 1965 942 1993 τὰ
962 1968 1050 1993 ἐπιτω

251 2011 354 2044 χθέντα
370 2010 449 2043 χθές,
469 2006 622 2046 ἡγουμενος,
642 2008 706 2044 οπερ
725 2011 751 2035 έν
769 2006 853 2035 α’πασι
870 2010 926 2038 τοῖς
943 2008 1052 2038 τοιοιςδε

253 2054 376 2089 μέγιστον
395 2051 478 2088 ἔργον,
497 2048 577 2088 λόγον
594 2049 651 2077 τινὰ
668 2051 802 2086 πρέποντα
820 2052 876 2080 τοῖς
894 2048 1052 2085 βουλήμασιν

252 2092 425 2124 ὖποθεσθαι,
453 2091 549 2120 τούτου
572 2093 680 2129 μετρίως
704 2089 771 2128 ἡμᾶς
796 2089 957 2128 εὐπορήσειν.
985 2090 1051 2119 οὕτω

254 2134 296 2169 δή,
319 2133 444 2171 καθαπερ
463 2132 503 2161 όδ
521 2145 587 2166 ειπε,
608 2135 677 2169 χθές
697 2144 724 2161 τε
745 2131 828 2164 εὐθυς
846 2134 950 2161 ἐνθένδε
970 2131 1052 2161 ἀπιών

253 2175 320 2213 πρὸς
337 2175 425 2207 τούςδε
444 2174 568 2212 ἀνέφερον
586 2174 652 2204 αὐτὰ
669 2181 673 2196 ¹
691 2173 802 2212 ἆναμιμν
805 2174 952 2211 ησκόμενος,
972 2173 1050 2202 απελ-

254 2217 315 2246 θων
335 2229 362 2246 τε
385 2216 478 2253 σχεδόν
500 2230 523 2245 τι
544 2230 629 2245 παντα
652 2217 799 2266 ἐπισκοπῶν
820 2216 864 2251 τῆς
885 2216 975 2247 νυκτὸς
993 2215 1050 2245 ἀνέ-

254 2260 343 2296 λαβον.
371 2258 404 2290 ὡς
422 2258 452 2294 δη
470 2271 521 2291 τοι,
540 2259 570 2287 τὸ
589 2258 735 2297 λεγόμενον,
754 2272 786 2287 τα
804 2260 904 2286 παίδων
919 2258 1050 2296 μαθημα-

752 2301 801 2339 ἐγὼ
818 2300 869 2339 γὰρ
889 2314 904 2327 α
922 2303 968 2338 μὲν
983 2303 1052 2336 χθὲς

255 2342 368 2379 ηκουσα,
396 2355 442 2371 ουκ
470 2342 501 2370 ἆν
527 2341 577 2370 οἶδ
601 2343 624 2370 εἶ
650 2344 771 2379 δυναίμην
794 2355 897 2371 απαντα
920 2346 946 2370 έν
966 2342 1051 2380 μνήμη

255 2385 333 2413 παλιν
350 2386 448 2421 λαβεῖν’
467 2385 549 2412 ταῦτα
568 2386 601 2417 δέ,
621 2397 637 2411 α
655 2384 795 2437 παμπολυν
806 2384 904 2422 χρόνον
919 2383 1050 2419 διακήκοα,

255 2439 409 2455 πανταπασι
431 2424 597 2467 θαυμασαιμ
620 2438 651 2453 αν
672 2429 698 2454 εἰ
715 2428 740 2454 τί
758 2438 790 2463 με
813 2425 897 2454 αυτῶν
912 2428 1049 2463 διαπέφευ-

255 2481 306 2508 γεν.
334 2469 364 2504 ἠν
380 2471 427 2506 μὲν
445 2469 491 2496 οὖν
507 2480 572 2505 μετα
590 2465 685 2503 πολλῆς
701 2467 793 2504 ἧδονῆς
810 2469 853 2496 καῖ
870 2469 988 2503 παιδικης
1004 2468 1049 2496 τό-

257 2524 283 2540 τε
302 2509 461 2548 ακουόμενα,
485 2511 528 2538 καὶ
544 2510 592 2538 τοῦ
612 2516 615 2530 ¹
634 2509 782 2547 πρεσβύτου
799 2510 946 2547 προθύμως
962 2522 994 2547 με
1012 2511 1049 2537 δι-

257 2553 412 2584 δασκοντος,
440 2550 478 2580 ἅτ
504 2552 566 2589 ἐμοῦ
591 2551 714 2583 πολλακις
741 2553 963 2589 ἐπανερωτῶντος,
990 2551 1052 2583 ω’ςτε

258 2608 313 2624 οιον
335 2593 483 2633 ἑγκαυματα
503 2592 660 2621 ἇνεκπλυτου
677 2594 778 2631 γραφῆς
797 2593 893 2631 ἐμμονά
910 2606 956 2631 μοι
972 2596 1050 2632 γέγο-

257 2649 291 2665 νε.
317 2638 360 2664 καὶ
381 2636 410 2671 δὴ
432 2649 475 2663 και
497 2637 579 2666 τοῖςδε
597 2634 679 2666 ευθὺς
697 2636 783 2673 ἔλεγον
801 2636 885 2663 ἕωθεν
903 2634 969 2664 αυτὰ
987 2635 1050 2663 ταῦ-

256 2691 302 2711 τα,
329 2691 370 2706 ινα
392 2677 528 2716 εὐποροῖεν
549 2677 633 2716 λόγων
655 2689 697 2714 μετ
727 2678 796 2714 ἐμου
823 2678 867 2705 νῦν
890 2690 943 2710 ουν,
971 2679 1051 2715 οὗπερ

254 2314 287 2330 τα
305 2301 466 2338 θαυμαστὸν
485 2302 534 2336 ἔχει
550 2314 574 2329 τι
594 2304 723 2338 μνημεῖον.

921 171 1216 199 PLATONIS

1097 251 1168 278 ἕνεκα
1186 249 1272 277 πάντα
1290 250 1372 278 ταῦτα
1387 253 1491 288 εἴρηται,
1510 254 1585 289 λέγει»
1604 252 1655 288 εἰμὶ
1670 252 1777 288 ἕτοιμος,
1796 245 1816 278 ῶ
1830 249 1889 278 Σώ-

1097 303 1200 329 κρατες,
1225 291 1260 328 μὴ
1284 291 1367 328 μόνον
1391 296 1417 320 ἐν
1438 295 1586 329 κεφαλαίοις
1609 292 1661 321 ἀλλ’
1683 292 1764 329 ὥςπερ
1791 291 1891 327 ἤκουσα

1098 332 1162 360 καθ’
1180 334 1296 381 ἕκαστον.
1323 333 1383 364 τοὺς
1401 335 1427 362 δὲ
1442 337 1549 366 πολίτας
1563 336 1606 363 καὶ
1621 335 1665 370 τὴν
1680 334 1762 367 πόλιν,
1781 333 1811 369 ἣν
1823 336 1892 369 χθὲς

1098 374 1158 412 ἡμῖν
1175 373 1208 405 ὡς
1226 378 1252 402 έν
1266 373 1348 411 μυθῳ
1367 374 1490 412 διηεισθα
1509 376 1552 409 σύ,
1569 377 1628 405 Ινῦν
1643 375 1835 426 μετενεγκόντες
1853 376 1894 402 ἐπὶ

1099 416 1213 451 τάληθὲς
1235 417 1309 453 δεῦρο
1332 416 1453 451 θησομεν
1474 416 1507 448 ὦς
1529 420 1623 454 ἐκείνην
1644 418 1716 453 τηνδε
1734 419 1828 449 οὖσαν,
1851 429 1894 444 και

1099 470 1159 489 τους
1177 459 1292 490 πολίτας,
1311 469 1356 489 ους
1374 458 1481 491 διενοοῦ,
1499 458 1616 497 φήσομεν
1631 462 1740 491 ἐκείνους
1755 459 1815 490 τοὺς
1830 457 1891 494 ἀλη-

1100 499 1193 530 θινους
1219 498 1283 527 εἶναι
1309 499 1455 537 προγόνους
1480 499 1560 549 ημῶν,
1589 501 1633 533 οὓς
1660 503 1742 540 ἔλεγεν
1765 500 1778 529 ὁ
1802 500 1888 538 ἶερευς·

1099 552 1202 572 παντως
1221 540 1379 578 ἆρμόσουσι,
1402 542 1445 568 καὶ
1466 553 1512 569 ουκ
1531 540 1694 580 ἇπᾳσόμεθα
1713 546 1828 581 λέγοντες
1846 540 1892 570 αὗ-

1100 583 1160 614 τοὺς
1185 581 1250 610 εἷναι
1276 583 1336 613 τοὺς
1362 586 1388 610 ἐν
1412 583 1448 619 τῷ
1473 582 1532 611 τότε
1558 583 1635 616 ὄντας
1655 584 1746 622 χρόνῳ
1774 584 1846 620 κοινῇ
1868 585 1895 611 δὲ

1101 624 1318 662 διαλαμβατοντες
1340 624 1451 655 ἅπαντες
1472 626 1657 663 πειρασόμεθα
1679 627 1708 654 τὸ
1734 629 1835 663 πρέπον
1860 625 1896 656 εἷς

1102 666 1207 707 δ-υναμιν
1226 677 1263 697 Οἱς
1281 668 1406 697 ἐπεῖαξας
1424 665 1576 694 ἀποδουναι
1603 680 1710 696 σκΟΤῘΕΙν
1728 680 1774 696 OUW
1792 667 1821 702 δὴ
1837 666 1894 704 χρή,

1100 720 1120 736 ω
1135 708 1278 759 Σωκρατες,
1298 708 1320 735 εἶ
1337 708 1403 735 κατὰ
1422 708 1483 736 νοῦν
1501 708 1514 736 ὁ
1533 708 1639 747 λόγος(
1628 713 1686 746 ημῖν
1702 716 1706 730 ¹
1723 711 1806 741 οὗτος,
1825 707 1841 744 η’
1856 721 1893 736 τι-

1102 763 1132 777 να
1156 748 1187 778 ἒῗ
1210 749 1288 778 α’λλον
1306 748 1358 777 ἆτ”τ
1381 748 1461 778 αὐτοῦ
1479 752 1603 785 ζητητέον.
1647 757 1702 778 ΣΩ.
1720 752 1775 779 Καὶ
1793 749 1837 778 τίν
1855 749 1894 782 α’ν,

1101 787 1121 819 ῶ
1139 794 1241 829 Κριτία,
1259 792 1358 828 μᾶλλον
1377 790 1434 819 ἀντι
1451 803 1546 820 τουτου
1562 792 1756 843 μρταλαβοιιων,
1776 792 1805 823 ὃς
1822 792 1853 829 τῆ
1868 804 1895 820 τε

1101 845 1225 871 παρουση
1248 834 1292 868 τῆς
1309 833 1378 861 θεοῦ
1396 835 1480 861 θυσία
1499 833 1540 861 διὰ
1559 834 1604 869 τὴν
1622 834 1765 870 οἰκειότητα
1784 846 1815 862 αν
1832 836 1894 871 πρέ·
1901 847 1909 862 ι

1102 888 1148 904 ποι
1164 874 1290 912 μαλιστα,
1313 874 1343 903 τό
1365 887 1392 903 τε
1413 875 1448 912 μὴ
1465 878 1622 904 πλασθέντα
1638 877 1740 913 μῦθον,
1764 874 1815 903 αλλ’
1834 870 1913 911 ἄλη-

1106 917 1184 945 θινὸν
1202 916 1282 955 λόγον
1299 921 1364 944 εἶναι
1381 916 1506 955 πάμμεγα
1523 929 1582 945 που.
1609 918 1664 949 πῶς
1680 917 1732 956 γὰρ
1749 919 1792 945 καὶ
1809 917 1897 946 πόθεν

1104 958 1196 990 α’λλους
1214 957 1388 996 ανευρήσομεν
1406 957 1528 996 ἀφέμενοι
1545 972 1655 993 τουτων,·
1676 972 1721 988 ουκ
1740 961 1819 1008 εοῖιν·
1843 957 1894 986 ἄλλ’

1104 1014 1137 1039 ιιγ
1140 1001 1198 1038 αθη
1220 1013 1283 1037 τυχη
1307 1001 1356 1038 χρὴ
1378 1003 1458 1039 λέγειν
1479 1004 1525 1038 μὲν
1545 1000 1624 1038 ὑμᾶς,
1652 1004 1694 1038 ἐμὲ
1721 1002 1748 1029 δὲ
1770 999 1827 1029 ἀντὶ
1847 1013 1898 1029 των

1101 1045 1170 1078 χθὲς
1192 1047 1204 1060 *
1227 1042 1310 1081 λόγων
1332 1055 1376 1070 νυν
1397 1043 1506 1078 ησυχιάν
1528 1042 1625 1081 ιῗγοντα
1645 1042 1801 1072 αντακούειν.
1845 1048 1896 1070 KP.

1103 1084 1202 1112 Σκόπει
1220 1084 1249 1119 δὴ
1268 1084 1312 1120 τὴν
1330 1084 1380 1112 τῶν
1398 1087 1485 1116 ξενίων
1503 1097 1546 1113 σοι
1564 1084 1698 1117 διαθεσιν,
1717 1097 1737 1113 ω
1753 1084 1897 1122 Σωκρατες,

1102 1123 1121 1163 ᾐ
1142 1128 1268 1163 διέθεμεν.
1297 1127 1367 1158 ἔδοξε
1389 1126 1440 1164 γὰρ
1466 1125 1525 1164 ἡμῖν
1548 1129 1656 1164 Τίμαιον
1680 1130 1736 1164 μέν,
1764 1126 1808 1155 ἅτε
1835 1125 1897 1155 όντα

1105 1167 1365 1205 ἁστρονομικώτατον
1386 1167 1457 1205 ἡμῶν
1478 1181 1521 1196 και
1542 1170 1601 1206 περὶ
1618 1168 1720 1205 φύσεως
1737 1169 1784 1197 τοῦ
1801 1168 1899 1199 παντὸς

1103 1210 1196 1238 εἰδέναι
1211 1210 1352 1247 μαλιστα’
1345 1211 1387 1248 έρ)
1390 1223 1420 1238 ον
1437 1213 1617 1247 πεποιημένον,
1635 1211 1739 1248 πρῶτον
1756 1213 1835 1249 λέγειν
1850 1209 1897 1247 ἁρ-

1101 1251 1214 1288 χόμενον
1236 1250 1289 1279 ἀπὸ
1312 1251 1356 1287 τῆς
1377 1252 1423 1280 τοῦ
1445 1251 1546 1288 κόσμου
1567 1255 1700 1290 γενέσεως,
1728 1253 1846 1280 τελευτᾶν
1872 1253 1899 1280 δὲ

1103 1294 1140 1325 εἷς
1161 1292 1311 1330 ἀνθρώπων
1332 1292 1421 1329 φύσιν
1450 1296 1492 1330 ἐμὲ
1514 1295 1541 1321 δὲ
1561 1294 1626 1330 μετὰ
1648 1294 1752 1326 τοῦτον,
1775 1292 1809 1325 ὦς
1825 1293 1897 1331 παρὰ

1102 1337 1149 1372 μὲν
1170 1334 1265 1363 τούτου
1288 1336 1436 1373 δεδεγμένον
1458 1334 1619 1372 ἀνθρώπους
1639 1336 1674 1372 τῷ
1696 1335 1763 1374 λόγῳ
1788 1333 1896 1374 γεγονό-

1103 1388 1161 1410 τας,
1183 1377 1257 1414 παρὰ
1280 1377 1330 1405 σοῦ
1351 1378 1377 1405 δὲ
1399 1378 1616 1414 πεπαιδευμένους
1638 1384 1641 1398 ¹
1662 1376 1834 1415 διαφερόντως
1851 1375 1898 1405 αὖ·

1105 1419 1155 1447 τῶν
1177 1418 1259 1451 τινός,
1282 1418 1348 1446 κατὰ
1371 1420 1397 1446 δὲ
1415 1419 1462 1447 τὸν
1478 1418 1600 1450 Σόλωνος
1617 1418 1697 1457 λόγον
1714 1431 1741 1447 τε
1758 1421 1801 1447 καὶ
1819 1418 1900 1457 νόμον
1917 1417 1926 1447 λ

1105 1459 1275 1499 εἷςαγαγόντα
1295 1459 1389 1491 αὐτοὺς
1406 1459 1440 1492 ὦς
1457 1461 1493 1492 εἷς
1508 1460 1630 1492 δικαστὰς
1644 1460 1711 1498 ἡμᾶς
1725 1461 1834 1496 ποιῆσαι
1847 1473 1897 1489 πο-

1105 1505 1175 1533 λίτας
1200 1503 1243 1537 τῆς
1268 1502 1368 1533 πόλεως
1396 1503 1465 1537 τῆςδε
1492 1501 1526 1534 ὦς
1552 1502 1629 1534 ὄντας
1655 1503 1716 1534 τοὺς
1736 1502 1795 1531 τότε
1816 1506 1898 1538 Ἀθη-

1104 1546 1199 1577 ναίους,
1219 1543 1264 1575 οὓς
1282 1543 1403 1581 ἐμήνυσεν
1419 1542 1527 1581 ἀφανεῖς
1541 1543 1619 1576 ὄντας
1631 1543 1648 1580 ἦ
1662 1545 1712 1573 τῶν
1727 1545 1801 1582 ἱερῶν
1814 1557 1898 1583 γραμ-

1103 1586 1192 1623 μάτων
1209 1585 1287 1622 φήμη,
1307 1586 1339 1614 τὰ
1357 1586 1436 1614 λοιπὰ
1455 1587 1482 1614 δὲ
1499 1585 1533 1618 ὦς
1550 1588 1610 1624 περὶ
1626 1587 1739 1615 πολιτῶν
1755 1588 1799 1615 καὶ
1817 1590 1898 1622 Ἀθη-

1105 1630 1181 1657 ναίων
1203 1627 1284 1657 ὄντων
1305 1626 1352 1664 ἤδη
1373 1632 1515 1657 ποιεῖσθαι
1535 1628 1596 1661 τοὺς
1622 1628 1722 1668 λόγους.
1766 1634 1822 1657 ΣΩ.
1851 1634 1898 1657 Τε-

1104 1674 1164 1701 λέως
1185 1683 1212 1699 τε
1233 1672 1276 1698 καὶ
1298 1671 1421 1708 λαμπρῶς
1444 1672 1514 1700 ἔοικα
1533 1670 1772 1708 ἄνταπολήψεσθαι
1790 1671 1834 1704 τὴν
1850 1670 1901 1699 τῶν

1104 1712 1187 1751 λόγων
1205 1715 1328 1741 ἑστίασιν.
1372 1713 1427 1741 Σὸν
1445 1708 1491 1741 οὖν
1510 1715 1585 1751 ἔργον
1602 1716 1682 1751 λέγειν
1700 1712 1743 1746 ιῗν,
1762 1708 1783 1741 a}
1802 1715 1899 1750 Τίμαιε,

1104 1758 1141 1789 εἴη
1160 1754 1189 1782 τὸ
1206 1754 1271 1791 μετὰ
1289 1754 1380 1787 τοῦτο,
1399 1753 1433 1786 ὦς
1452 1756 1542 1786 ἔοικεν,
1566 1758 1751 1783 ἐπικαλέσαντα
1769 1754 1836 1783 κατὰ
1853 1754 1898 1783 νό-

1102 1809 1152 1834 μον
1170 1795 1259 1827 θεούς,
1303 1803 1332 1824 V.
1351 1803 1392 1824 ΤΙ.
1413 1803 1416 1817 ¹
1436 1795 1507 1828 Ἀλλ’,
1527 1793 1546 1824 ῶ
1564 1796 1707 1834 Σώκρατες,
1726 1796 1805 1825 τοῦτό
1821 1809 1852 1835 γε
1869 1796 1899 1832 δὴ

1103 1849 1209 1870 παντες,
1229 1838 1289 1866 ὅσοι
1306 1839 1350 1866 καὶ
1367 1838 1434 1866 κατὰ
1453 1838 1534 1875 βραχὺ
1554 1838 1725 1876 σωφροσύνης
1740 1841 1898 1876 μετέχουσιν,

1104 1881 1145 1908 ἐπὶ
1166 1880 1264 1911 παντὸ5
1282 1879 1350 1917 ὁρμῇ
1368 1881 1411 1908 καὶ
1429 1892 1538 1917 σμικρου
1555 1893 1598 1908 και
1614 1880 1730 1919 μεγάλου
1746 1891 1900 1919 πραγματος

1107 1922 1172 1950 θεὸν
1190 1921 1231 1950 αεί
1246 1934 1299 1950 που
1316 1922 1451 1950 καλοῦσιν
1477 1921 1543 1959 ἡμᾶς
1565 1923 1592 1950 δὲ
1614 1922 1674 1954 τοὺς
1691 1924 1750 1974 περὶ
1766 1922 1814 1951 τοῦ
1830 1934 1896 1950 παν-

1103 1964 1148 1995 τὸς
1165 1963 1258 2017 λογρυ5
1276 1966 1419 1992 ποιεῖσθαί
1434 1976 1472 2001 πη
1487 1966 1638 2001 μέλλοντας,
1660 1966 1677 2001 ᾗ
1698 1967 1803 2002 γέγονεν
1823 1963 1839 1999 ἢ
1856 1965 1899 1992 καὶ

1105 2005 1192 2044 αγενές
1210 2018 1290 2039 εστιν,
1313 2006 1336 2034 εἶ
1351 2006 1386 2043 μὴ
1403 2018 1558 2034 πανταπασι
1575 2006 1796 2043 παραλλαττομεν,
1816 2005 1897 2044 ἀνάγ-

1103 2061 1133 2084 κη
1155 2047 1238 2079 θεούς
1259 2060 1286 2076 τε
1308 2049 1351 2076 καὶ
1369 2047 1437 2079 θεὰς
1456 2051 1668 2085 ἐπικαλουμένους
1684 2047 1814 2083 εὔχεσθαι
1830 2047 1896 2076 πάν·
1913 2083 1915 2087 ⁴

1103 2103 1135 2118 τα
1153 2090 1220 2118 κατὰ
1239 2090 1300 2118 νοῦν
1318 2092 1421 2121 ἐκείνοις
1436 2092 1484 2127 μὲν
1499 2089 1626 2128 μάλιστα,
1649 2092 1778 2127 ἑπομένως
1795 2088 1853 2118 δὲε
1839 2102 1898 2128 ημιν
1914 2094 1920 2118 ‹

1103 2132 1190 2160 εἰπεῖν.
1217 2144 1259 2159 και
1277 2131 1309 2159 τὰ
1326 2134 1373 2168 μὲν
1390 2133 1449 2169 περὶ
1467 2132 1540 2160 θεῶν
1557 2131 1638 2168 ταύτῃ
1655 2138 1659 2152 ¹
1674 2130 1896 2183 παρακεκλήσθω·
1922 2137 1940 2156 D

1103 2173 1133 2202 τὸ
1160 2172 1184 2201 δ’
1209 2172 1331 2211 ἡμέτερον
1356 2176 1546 2215 παρακλητέον,
1572 2175 1589 2211 ᾑ
1615 2172 1687 2212 ῥᾷστ’
1711 2186 1743 2202 αν
1762 2173 1834 2211 υμεῖς
1852 2176 1898 2211 μὲν

1101 2214 1229 2253 μαθοιτε,
1258 2215 1306 2253 ἐγώ
1329 2216 1355 2243 δὲ
1377 2217 1393 2252 ἡ
1415 2216 1568 2253 διανοουμαι
1589 2214 1689 2257 μάλιστ’
1712 2228 1744 2244 αν
1748 2227 1822 2269 Ίπερι
1848 2215 1898 2244 τῶν

1102 2259 1274 2295 προκειμένων
1292 2258 1455 2294 ἐνδειξαίμην
1486 2256 1572 2286 Ἐστιν
1590 2258 1636 2286 οὖν
1637 2257 1696 2308 Ἀ’δὴ
1701 2256 1755 2286 κατ’
1773 2257 1834 2294 ἐμὴν
1850 2256 1895 2285 δό-

1102 2303 1150 2332 ξαν
1167 2300 1271 2336 πρῶτον
1289 2300 1428 2336 διαιρετέον
1445 2298 1517 2327 ταδε·
1544 2301 1570 2328 τί
1585 2299 1615 2328 τὸ
1634 2298 1664 2327 ὂν
1682 2298 1733 2332 οἰεί,
1754 2302 1854 2337 γένεσιν
1870 2299 1897 2327 δὲ

1103 2354 1149 2370 ουκ
1172 2343 1242 2377 ἔχον,
1264 2342 1307 2368 καῖ
1330 2354 1350 2369 τι
1373 2341 1403 2369 τὸ
1421 2340 1574 2379 γιγνόμενον
1590 2344 1637 2378 μὲν
1655 2339 1706 2374 ἀεί,
1730 2340 1760 2369 ὂν
1777 2342 1804 2369 δὲ
1822 2339 1894 2369 ουδὲ-

1101 2395 1179 2416 ποτε,
1205 2383 1235 2411 τὸ
1256 2385 1304 2432 μὲν
1322 2387 1334 2400 *
1353 2383 1381 2418 δι’,
1400 2382 1488 2418 νοήσει
1503 2383 1569 2420 μετὰ
1587 2382 1668 2421 λόγου
1684 2383 1840 2420 περιληπτὸν
1857 2381 1897 2411 ἀεὶ

1102 2425 1168 2453 κατὰ
1186 2423 1268 2453 ταυτὰ
1287 2437 1324 2457 ον,
1343 2425 1372 2453 τὸ
1392 2423 1416 2452 δ
1434 2425 1467 2453 αὖ
1485 2425 1548 2462 δόξη
1562 2437 1608 2462 μετ
1633 2424 1785 2461 αἰσθήσεως
1800 2423 1897 2462 ἀλόγου

1103 2466 1244 2499 δοξαστόν,
1266 2466 1433 2508 γιγνόμενον
1435 2468 1479 2494 καὶ
1497 2466 1685 2503 ἀπολλύμενον,
1705 2465 1788 2517 όνξως
1805 2467 1832 2494 δὲ
1849 2464 1894 2494 οὖ-

1103 2510 1194 2537 δέποτε
1217 2507 1254 2536 όν.
1280 2508 1334 2536 πᾶν
1356 2509 1382 2536 δὲ
1401 2521 1434 2536 αυ
1451 2508 1482 2537 τὸ
1499 2508 1652 2547 γιγνόμενον
1667 2506 1710 2536 ’ὑπ
1728 2508 1812 2536 αιτίου
1829 2507 1897 2539 τινὸς

1103 2554 1129 2583 ἐξ
1147 2549 1259 2588 ἂναγκης
1275 2552 1427 2588 γίγνεσθαι
1451 2552 1530 2578 παντι
1546 2551 1606 2591 γὰρ
1616 2549 1744 2578 ἀδύνατον
1758 2550 1836 2587 χωρις
1853 2549 1894 2577 αἲ-

1102 2594 1158 2621 τίου
1183 2594 1282 2630 γένεσιν
1309 2595 1387 2627 σχεῖν.
1415 2591 1478 2620 ὅτου
1502 2595 1549 2629 μὲν
1575 2605 1621 2620 ουν
1647 2604 1678 2620 αν
1705 2590 1896 2630 ὄδημιουργὸς

1101 2634 1168 2671 πρὸς
1189 2634 1219 2662 τὸ
1242 2633 1308 2662 κατὰ
1330 2632 1412 2662 ταύτὰ
1436 2635 1494 2669 ἔχον
1516 2636 1614 2671 βλέπων
1635 2631 1686 2666 ἀεί,
1712 2645 1822 2670 τοιουτω
1847 2633 1895 2661 τινὶ

1101 2674 1297 2714 προςχρῶμενος
1322 2677 1523 2714 παραδείγματι,
1554 2675 1599 2711 τὴν
1625 2676 1695 2704 ἰδέαν
1720 2676 1764 2704 καὶ
1790 2673 1895 2714 δύναμιν

1920 2388 1944 2407 2⁸

1923 1049 1944 1067 27

1925 1384 1941 1402 Β
