1998 3084
202 1348 237 1366 181

255 170 304 195 242

258 249 360 284 σι’μαχε·
384 246 423 274 ὅτι
445 245 470 273 δ’
489 244 556 283 ἧμᾶς
574 248 622 283 μὲν
644 245 804 283 συμβούλους
830 249 988 283 παρακαλεῖς
1010 249 1051 276 ἐπὶ

258 289 302 324 τὴν
323 288 374 316 τῶν
395 289 533 316 νεανίσκων
554 289 684 320 παιδείαν,
706 287 833 325 Σωκράτη
855 289 881 316 δὲ
903 287 977 317 τόνδε
995 288 1026 317 οὗ
1046 296 1049 311 ¹

256 332 426 367 παρακαλεῖς,
458 328 599 366 θαυμάζω,
631 329 735 367 πρῶτον
764 332 811 366 μὲν
843 328 905 358 ὄντα
933 330 1053 384 δημότην,

258 370 332 400 ἔπειτ’
354 371 471 399 ἐνταῦθα
491 369 530 399 ἀεὶ
547 371 594 402 τὰς
612 371 744 418 διατριβὰς
759 371 924 423 ποιούμενον,
943 372 1012 401 όπου
1028 375 1053 401 τί

258 417 312 442 ἐστι
329 413 379 441 τῶν
396 412 521 441 τοιούτων
537 415 573 441 ὠν
591 415 623 441 συ
641 416 720 448 ζητεῖς
736 414 795 450 περὶ
810 414 870 445 τους
884 417 956 445 νέους
969 413 984 449 ἢ
998 414 1049 451 μά-

258 460 333 493 θημα
355 454 370 490 ἢ
393 455 546 491 ἐπιτήδευμα
568 455 654 483 καλόν
697 460 748 483 AY.
766 456 830 487 Πῶς
851 458 935 494 λέγεις,
955 468 974 484 ω
992 456 1049 484 Λα-

255 509 314 533 χηςς
337 496 477 535 Σωκράτης
493 497 545 535 γὰρ
569 496 611 525 όδε
629 496 698 528 τινὸς
718 498 769 525 τῶν
786 499 911 525 τοιούτων
928 500 1050 535 ἐπιμέλει-

259 552 290 567 αν
306 541 457 574 πεποίηταις
492 544 545 567 ΛΑ.
563 538 641 568 Πάνυ
657 541 704 576 μὲν
722 534 775 572 οῧι,
794 535 814 567 ὦ
832 542 974 576 Λυσίμαχε.
1010 546 1051 568 Nl.

259 582 343 610 Τοῦτο
365 584 411 619 μέν
433 593 477 610 σοι
498 580 546 609 κὰν
568 581 617 619 ἐγὼ
640 582 721 618 ἔχοιμι
742 582 823 609 εἰπεῖν
841 580 872 610 οὗ
887 585 976 619 χεῖρον
993 581 1051 609 Λά-

256 634 345 659 χητος
372 624 415 651 καὶ
435 623 487 662 γὰρ
510 622 578 660 αὐτῷ
598 636 644 661 μοι
667 625 774 662 ἔναγχος
795 622 876 661 α’νδρα
894 622 1051 660 προύξένησε

258 678 293 703 τῳ
309 667 360 694 υιεῖ
376 665 531 694 διδάσκαλον
550 671 554 686 ¹
572 666 704 703 μουσικῆς,
721 668 914 704 Λγαθοκλέους
929 665 1053 702 μαθητην

260 708 387 745 Δάμωνα,
407 706 506 748 ἀνδρῶν
520 719 693 745 χαριεοτατον
711 706 742 736 οὗ
758 706 840 745 μόνον
857 707 902 743 τὴν
918 707 1051 745 μουσικήν,

259 749 322 778 ἀλλὰ
349 751 392 777 καὶ
418 750 510 782 τᾶλλα,
538 748 627 778 οπόσα
650 749 746 786 βούλει,
774 749 848 781 ιῗξιον
869 751 1053 801 συνδιατρίβειν

258 791 415 827 τηλικουτοις
432 793 581 823 νεανίσκοις.
625 798 665 818 IV.
688 797 738 819 AY.
760 790 838 820 Ουτοι
855 804 886 824 τι,
905 793 925 819 ὦ
942 791 1051 829 Σωκρα-

258 837 299 866 τές
314 846 342 863 τε
360 835 403 862 καὶ
422 835 501 862 Nauia
520 834 563 861 καὶ
580 833 677 883 Λάχης,
696 835 722 861 οἱ
739 832 821 868 ἡλίκοι
839 833 887 872 ἐγὼ
907 835 942 862 ε’τι
958 833 1051 872 γιγνώ-

259 889 355 914 σκομεν
371 876 432 907 τοὺς
448 878 593 913 νεωτέρους,
610 875 654 903 ἅτε
672 888 719 903 κατ
744 878 826 903 οὶκίαν
843 875 876 904 τὰ
894 876 977 904 πολλὰ
996 877 1051 903 δια-

259 920 399 956 τρίβοντες,
420 917 473 946 ὖπὸ
496 918 539 953 τῆς
559 917 664 952 ἡλικίας·
688 915 740 944 ἆλλ
759 921 786 945 δι’
802 930 827 945 τι
848 919 891 945 καὶ
909 930 950 951 οὐ,
969 930 988 945 ω
1006 921 1055 945 παῖ

259 962 459 998 Σωφρονίσκου,
483 961 546 995 ε’χεις
566 960 629 997 τῷδε
652 959 687 996 τῷ
709 959 808 988 σαυτοῦ
831 959 928 997 δημότῃ
947 958 1055 998 ἀγαθὸν

261 1004 463 1053 συμβουλεῦσαι,
484 1002 532 1039 χρὴ
556 1001 744 1039 συμβουλευειν.
764 1008 767 1022 ¹
793 1003 890 1034 δίκαιος
912 1001 936 1030 δ’
956 1007 988 1030 εἰ·
1013 1015 1055 1030 και

260 1046 311 1098 γὰρ
332 1044 458 1082 πατρικὸς
477 1043 537 1082 ἦμῖν
558 1046 632 1080 φίλος
654 1043 785 1082 τυγχάνεις
806 1043 848 1072 ὧν.
876 1043 916 1073 ἀεὶ
936 1044 988 1083 γὰρ
1007 1044 1055 1082 ἐγὼ

261 1089 304 1115 καὶ
322 1086 336 1116 ὁ
356 1087 403 1118 σὸς
419 1086 505 1124 πατὴρ
527 1088 618 1123 ἑταίρω
640 1098 667 1114 τε
689 1099 732 1114 και
752 1088 817 1122 φίλω
839 1099 908 1124 ημεν,
926 1088 970 1115 καὶ
987 1086 1054 1123 πρό-

261 1142 337 1167 τερον
364 1133 458 1160 ἐκεινος
484 1127 640 1164 ἐτελεύτησε,
667 1130 727 1166 πρίν
752 1141 776 1156 τι
802 1130 858 1166 ἐμοὶ
885 1129 1056 1166 διενεχθῆιαι.

262 1174 392 1210 περιφέρει
414 1172 441 1199 δέ
461 1173 499 1202 τίς
518 1183 550 1208 με
572 1172 616 1198 καὶ
633 1170 717 1220 μνήμη
740 1170 797 1209 ἄρτι
818 1171 896 1200 τῶνδε
918 1172 1054 1211 λεγόντων

263 1215 294 1243 τὰ
312 1215 363 1253 γὰρ
380 1212 499 1251 μειράκια
517 1212 577 1242 τάδε
595 1213 662 1251 πρὸς
679 1212 801 1249 ἀλληλους
819 1217 885 1243 οἴκοι
907 1214 1055 1253 διαλεγόμε-

262 1269 303 1286 νοι
321 1256 399 1294 θαμὰ
410 1259 596 1307 ἐπιμεμνψται
613 1255 769 1294 Σωκράτους
790 1269 833 1285 και
856 1257 959 1306 σφόδρα
983 1261 1055 1285 ἐπαι-

263 1298 364 1328 νοῦσιν·
388 1311 419 1327 ου
439 1301 527 1336 μέντοι
548 1298 654 1327 πώποτε
677 1297 771 1340 αὐτους
794 1298 954 1336 ἀνηρώτησα,
973 1300 996 1328 εἶ
1013 1299 1059 1327 τὸν

263 1343 452 1379 Σωφρονίσκου
470 1345 483 1358 *
500 1343 604 1379 λέγοιεν.
624 1339 685 1373 ἀλλ’,
702 1353 722 1368 ω
736 1342 834 1374 παῖδες,
850 1344 934 1380 λέγετέ
946 1354 1000 1379 μοι,
1017 1340 1056 1369 ὅδ

265 1385 319 1412 ἐστὶ
340 1382 491 1435 Σωκράτης,
518 1384 577 1424 περὶ
599 1384 630 1411 οὑ
652 1382 775 1412 ἑκάστοτε
796 1386 945 1421 μέμνησθε;
989 1389 1058 1411 ΠΑΙ.

263 1425 342 1454 Πάνυ
362 1428 409 1467 μὲν
430 1437 488 1458 ουν,
511 1425 531 1452 ὦ
552 1424 646 1463 πάτερ,
670 1426 752 1457 οὗτος.
795 1431 847 1454 AY.
867 1427 904 1454 Εὖ
921 1438 950 1465 γε
968 1426 997 1461 νη
1015 1425 1060 1461 τὴι

260 1468 355 1505 (Ἡραν,
378 1469 398 1495 ὦ
415 1466 563 1505 Σώκρατες,
586 1467 626 1496 ὅτι
644 1465 741 1505 ορθοῖς
758 1467 804 1496 τὸν
820 1471 932 1506 πατέρα,
953 1480 1060 1506 αριστον

265 1509 392 1562 ἀνδρῶν
383 1509 454 1542 ὄντα,
473 1511 515 1538 καὶ
534 1508 622 1542 α’λλως,
641 1522 684 1537 και
703 1510 732 1545 δὴ
754 1523 797 1538 και
819 1510 859 1539 ότι
877 1511 959 1539 οικεῖα
981 1510 1015 1539 τά
1032 1522 1060 1539 τε

266 1553 300 1582 σα
317 1552 377 1590 ἡμῖν
393 1551 502 1590 ὖπάρξει
523 1553 567 1579 καὶ
585 1553 629 1580 σοὶ
650 1565 682 1580 τα
700 1551 816 1590 ἡμέτερα.
860 1558 912 1581 ΛΑ.
930 1554 985 1581 Καὶ
1002 1552 1059 1590 μήν,

264 1608 285 1623 ω
302 1597 449 1632 Λυσίμαχε,
470 1594 505 1631 μὴ
528 1593 622 1631 ἆφίεσό
643 1606 672 1633 γε
694 1593 813 1632 τάνδρός·
833 1594 867 1627 ὦς
885 1595 933 1633 ἐγὼ
951 1596 994 1623 καὶ
1013 1594 1058 1623 α’λ-

265 1640 331 1666 λοθί
346 1649 376 1675 γε
395 1636 475 1666 αὐτὸν
492 1636 647 1674 ἐθεασάμην
664 1635 695 1665 οὗ
715 1637 797 1674 μόνον
818 1637 864 1666 τὸν
885 1640 993 1675 πατέρα,
1013 1636 1058 1665 άλ-

266 1680 296 1708 λὰ
315 1681 359 1707 καὶ
375 1680 420 1714 τὴν
439 1685 443 1700 ¹
461 1680 575 1716 πατρίδα
594 1678 741 1716 ὀρθοῦντα·
766 1683 792 1708 ἐν
808 1692 859 1718 γαρ
881 1680 913 1718 τῇ
932 1679 984 1708 απὸ
1006 1684 1057 1714 Δη-

266 1725 321 1750 λίου
339 1722 408 1760 φυγῇ
424 1733 471 1759 μετ
498 1722 560 1759 ἐμοῦ
578 1721 752 1759 ξυνανεχωρει,
770 1721 841 1760 κᾶγω
860 1735 903 1751 σοι
921 1725 993 1760 λέγω,
1012 1724 1059 1753 οτι,

265 1765 288 1793 εἰ
307 1763 379 1792 α’λλοι
400 1763 499 1817 η’θελον
521 1764 636 1792 τοιοῦτοι
657 1762 729 1796 εἶναι,
749 1762 821 1802 ὀρθὴ
840 1763 871 1792 ιῗν
887 1763 959 1802 ἧμῶν
975 1764 990 1800 ἦ
1008 1764 1057 1793 πό-

266 1809 303 1838 λις
322 1807 353 1842 ἦν
373 1807 416 1834 καὶ
438 1804 484 1834 οὐκ
506 1805 538 1834 ἄν
560 1807 635 1834 ἔπεσε
652 1806 711 1834 τότε
728 1806 849 1835 τοιοῦτον
865 1807 965 1844 πτῶμα.
1009 1811 1059 1835 AY'.

266 1850 295 1876 Ω,
312 1854 459 1886 Σωκρατες,
479 1849 555 1880 οὖτος
574 1851 662 1885 μέντοι
684 1861 697 1876 ο
722 1848 826 1880 ἔπαινος
847 1853 900 1878 ἐστι
922 1849 1012 1881 καλός,
1032 1849 1061 1877 ὅν

267 1891 300 1919 σὺ
318 1892 362 1919 νῦν
380 1894 479 1919 ἐπαινεῖ
493 1888 536 1918 ὑπ’
557 1888 656 1927 ἆνδρῶν
674 1889 751 1922 άξιων
765 1890 949 1941 πιστεύεσθαι,
968 1904 1010 1919 και
1026 1902 1061 1922 εις

266 1933 357 1966 ταῦτα,
380 1933 416 1965 εἷς
438 1931 455 1960 ἆ
478 1929 550 1961 οὗτοι
572 1933 729 1961 ἐπαινοῦσιν.
753 1934 781 1961 ευ
799 1934 845 1962 οὖν
866 1937 935 1967 ἴσθι,
954 1933 993 1962 ὅτι
1012 1934 1061 1972 ἐγώ

266 1988 348 2004 ταυτα
368 1974 469 2004 ἆκουων
487 1977 582 2012 χαίρω,
606 1974 646 2003 ὅτι
667 1974 813 2013 εὐδοκιμεις.
840 1977 883 2004 καὶ
901 1988 934 2005 συ
952 1977 978 2004 δὲ
996 1974 1060 2017 ηγοι·

265 2030 297 2055 με
320 2022 345 2046 ἐν
366 2021 422 2049 τοῖς
441 2030 459 2055 γ
488 2016 670 2049 εὐνουστάτοις
697 2030 741 2046 σοι
767 2022 838 2046 εἶναι
863 2020 927 2056 χρῆν
947 2021 993 2056 μὲν
1016 2030 1061 2046 ουν

267 2061 310 2088 καὶ
327 2059 456 2097 πρότερόν
475 2066 478 2080 ¹
498 2072 527 2088 σε
545 2060 640 2096 φοιτᾶν
659 2058 738 2088 αὐτὸν
754 2073 808 2097 παρ
834 2060 901 2102 ἧμᾶς
921 2073 964 2089 και
983 2061 1059 2089 οἰκεί-

268 2113 313 2134 αυς
329 2102 463 2153 ἡγεῖσθαι,
483 2101 565 2139 ὥςπερ
583 2102 613 2130 τὸ
633 2103 740 2130 δίκαιον·
760 2103 804 2130 νῦν
822 2102 845 2130 δ
866 2103 912 2132 οὐν
931 2101 983 2131 απὸ
1002 2103 1059 2138 τῆς-

268 2146 294 2173 δε
311 2144 355 2179 τῆς
372 2143 473 2181 ἡμέρας,
493 2144 577 2179 ἐπειδὴ
596 2142 802 2183 ἆνεγιωρίσαμεν
820 2143 982 2182 ἇλληλους,μ
963 2145 998 2182 μὴ
1014 2144 1059 2172 ἆλ-

267 2189 316 2218 λως
333 2188 413 2219 ποίει,
437 2185 501 2214 ἀλλὰ
520 2186 631 2215 σύνισθί
651 2198 678 2215 τε
696 2187 739 2214 καὶ
755 2186 859 2225 γνώριζε
876 2189 918 2215 καὶ
936 2187 1002 2224 ἡμᾶς
1019 2188 1061 2215 καὶ

268 2228 356 2260 τούςδε
374 2228 435 2260 τοὺς
451 2231 599 2266 νεωτέρους,
623 2228 693 2260 ὅπως
715 2241 747 2257 αν
768 2228 906 2265 διασώζητε
927 2231 970 2257 καὶ
991 2228 1063 2266 ὑμεῖς

267 2271 313 2307 τὴν
329 2270 453 2308 ἡμετέραν
468 2273 561 2307 φιλίαν.
588 2271 670 2300 ταῦτα
690 2273 737 2308 μὲν
759 2273 805 2300 οὐν
826 2273 868 2300 καῖ
887 2271 920 2300 σὺ
937 2271 1061 2307 ποιήσεις,

267 2325 311 2341 και
327 2312 398 2350 ἡμεῖς
415 2325 445 2341 σε
462 2314 506 2341 καὶ
524 2314 604 2344 αυθις
624 2312 819 2364 ὖπομνήσομεν
842 2315 901 2351 περὶ
918 2315 945 2342 δὲ
962 2315 998 2342 ὠν
1015 2312 1060 2351 ἠρ-

268 2354 375 2393 ξάμεθα
393 2357 418 2383 τί
433 2367 512 2391 qums,-
535 2357 560 2383 τί
580 2357 661 2389 δοκεῖς
684 2355 713 2384 τὸ
734 2355 849 2393 μάθημα
871 2359 927 2387 τοῖς
946 2358 1060 2393 μειρακί-

269 2409 307 2429 οις
325 2397 466 2432 ἐπιτήδειον
482 2396 546 2426 εἶναι
567 2397 582 2433 ἢ
605 2397 647 2430 οὔ,
666 2398 696 2426 τὸ
712 2401 813 2435 μαθεῖν
831 2402 857 2426 ἐν
875 2398 964 2430 ὅπλοις
980 2397 1060 2435 μάχε-

269 2443 351 2473 σθαι;
395 2446 423 2467 V
442 2445 498 2467 ΣΩ,
518 2445 522 2460 ¹
541 2440 614 2468 Αλλα
632 2441 675 2468 καὶ
696 2452 795 2469 τουτων
815 2443 881 2478 πέρι,
903 2436 923 2468 ὦ
941 2443 1060 2478 Λυσίμα-

265 2494 308 2518 χε,
336 2483 414 2523 ἔγωγε
435 2480 595 2519 πειράσομαι
618 2482 810 2519 συμβουλεύειν,
838 2482 870 2511 ὅέν
890 2495 915 2511 τι
941 2482 1060 2535 δύνωμαι,

268 2525 311 2552 καὶ
333 2525 366 2552 αὖ
389 2523 406 2552 ἁ
428 2527 554 2561 προκαλεῖ
574 2523 660 2552 πάντα
677 2528 768 2553 ποιεῖν
796 2525 960 2554 δικαιότατον
975 2528 1062 2563 μέντοι

266 2579 312 2604 μοι
330 2567 400 2595 δοκεῖ
416 2564 452 2594 εἶτ
448 2579 488 2599 αι,
508 2569 549 2604 ἐμὲ
568 2566 691 2615 νεώτερον
713 2566 776 2595 ὄντα
798 2567 875 2596 τῶνδε
893 2580 937 2595 και
955 2566 1060 2605 ἀπειρό-

268 2621 343 2646 τερον
363 2621 462 2638 τουτων
480 2607 582 2636 ἀκούειν
595 2608 735 2660 πρότερον,
758 2611 783 2637 τί
798 2612 913 2648 λέγουσι,
936 2622 979 2638 και
994 2622 1061 2648 μαν-

268 2650 362 2679 θανειν
378 2664 433 2688 παρ
461 2649 554 2679 αυτῶν
576 2651 620 2679 ἐὰν
638 2649 663 2678 δ
684 2653 731 2686 ἔχω
750 2664 773 2679 τι
792 2651 854 2681 α’λλο
871 2652 945 2690 παρὰ
960 2652 992 2681 τὰ
1009 2651 1062 2680 υπὸ

267 2692 365 2722 τούτων
383 2692 518 2731 λεγόμενα,
541 2691 594 2721 τότ’
613 2692 660 2728 ἤδη
682 2692 810 2721 διδάσκειν
831 2696 875 2722 καῖ
896 2697 999 2723 πείθειν
1021 2695 1063 2722 καὶ

927 168 1219 195 PLATONIS

1444 242 1466 276 ὦ
1489 249 1581 280 Νικία,
1603 248 1628 275 τί
1650 243 1680 274 οὗ
1702 248 1767 284 λέγει
1784 244 1894 283 πότερος

1227 296 1270 318 Nl.
1296 288 1358 318 Ἀλλ’
1383 288 1457 318 οὐδὲν
1482 289 1582 322 κωλύει,
1610 289 1629 317 ὠ
1655 288 1798 325 Σώκρατες.
1826 289 1896 316 δοκεῖ

1101 332 1152 371 γὰρ
1175 332 1231 369 ἐμοὶ
1254 338 1258 353 ¹
1281 333 1358 360 τοῦτο
1380 331 1410 360 τὸ
1428 331 1543 368 μάθημα
1561 335 1616 362 τοῖς
1630 333 1696 361 νέοις
1713 328 1840 367 ὠφέλιμον
1856 328 1892 358 εἶ-

1102 386 1144 402 ναι
1163 376 1327 402 ἐπίστασθαι
1343 374 1467 410 πολλαχῇ.
1494 374 1537 401 καὶ
1554 373 1605 411 γὰρ
1622 372 1652 401 τὸ
1670 372 1704 409 μὴ
1724 371 1820 400 ἄλλοθι
1838 372 1893 399 δια-

1103 416 1203 453 τρίβειν,
1227 419 1253 443 ἐν
1270 414 1308 446 οἷς
1326 415 1354 450 δὴ
1372 416 1491 451 φιλοῦσιν
1509 416 1535 443 οἱ
1552 418 1604 443 νέοι
1622 414 1668 445 τὰς
1685 414 1817 451 διατριβὰς
1833 425 1893 442 ποι-

1102 461 1208 490 εῖσθαι,
1232 456 1296 485 ὅταν
1318 457 1413 492 σχολὴν
1431 456 1540 495 ἄγωσιν,
1566 455 1618 484 ἀλλ’
1640 460 1665 484 ἐν
1682 455 1773 492 τούτῳ,
1792 451 1819 483 εὖ
1839 456 1894 490 ἔχει,

1103 499 1171 527 ὅθεν
1188 499 1231 526 καῖ
1248 498 1278 527 τὸ
1302 498 1377 535 σῶμα
1401 499 1497 535 βέλτιον
1518 501 1598 534 ἴσχειν
1620 497 1717 536 ἇνάγκη
1734 515 1775 518 —-
1794 496 1897 528 οὐδενὸς

1102 541 1154 579 γὰρ
1171 541 1222 569 τῶν
1242 542 1390 593 γυμνασίων
1411 540 1572 578 φαυλότερον
1590 545 1602 558 *
1621 539 1676 568 οὐδ
1698 539 1792 568 ἐλάττω
1814 538 1897 568 πόνον

1105 584 1154 632 ἔχει
1171 600 1219 615 -,
1238 595 1282 610 και
1300 582 1352 619 α’μα
1370 582 1489 619 προςήκει
1502 581 1605 633 μάλιστ’
1625 585 1752 619 ἐλευθέρῳ
1774 580 1853 610 τοῦτο’
1870 593 1898 609 τε

1103 625 1133 653 τὸ
1151 624 1295 663 γυμνάσιον
1316 625 1360 652 καὶ
1380 622 1395 659 ἦ
1418 624 1519 659 ἱππική·
1543 637 1574 653 ου
1594 624 1646 662 γὰρ
1665 622 1765 662 ἆγῶιος
1783 622 1900 673 ἀθληταί

1105 671 1181 704 ἐσμεν
1198 667 1242 694 καὶ
1260 670 1285 694 ἐν
1304 665 1342 697 οἷς
1362 665 1422 702 ἡμῖν
1444 665 1458 694 ὁ
1481 664 1551 704 αγών
1568 665 1713 704 πρόκειται,
1730 665 1807 702 μόνοι
1825 666 1898 714 οὗτοι

1103 708 1274 748 γυμνάζονται
1293 710 1318 736 οἳ
1336 712 1362 736 ἐν
1380 707 1481 739 τούτοις
1498 711 1551 740 τοῖς
1572 720 1629 745 περι
1652 708 1698 736 τὸν
1719 707 1833 745 πόλεμον
1851 706 1896 743 ὀρ-

1103 751 1193 790 γάνοις
1213 750 1406 789 γυμναζόμενοι.
1435 751 1521 778 ἔπειτα
1544 749 1630 785 ὀνήσει
1650 752 1696 785 μέν
1717 762 1741 778 τι
1763 750 1840 778 τοῦτο
1867 749 1898 777 τὸ

1103 792 1218 831 μάθημα
1236 793 1280 820 καὶ
1298 796 1323 820 ἐν
1340 792 1372 829 τῇ
1388 791 1459 829 μάχῃ
1478 790 1554 829 αὐτῇ,
1574 791 1637 820 ὅταν
1655 795 1680 820 ἐν
1696 791 1768 823 τάξει
1785 793 1829 828 δέῃ
1845 790 1897 828 μά-

1102 839 1205 871 χεσθαι
1224 835 1289 872 μετὰ
1307 835 1409 863 πολλῶν
1436 834 1528 861 ἄλλων·
1558 836 1681 872 μέγιστον
1704 836 1790 871 μέντοι
1819 832 1899 862 αὐτοῦ

1106 877 1206 913 ὄφελος,
1230 876 1293 905 ὅταν
1311 877 1429 904 λυθῶσιν
1447 877 1474 904 αἱ
1492 875 1576 907 τάξεις
1592 876 1635 903 καὶ
1652 874 1699 928 ἤδη
1716 888 1739 903 τι
1758 877 1801 912 δέῃ
1818 875 1900 912 μόνον

1105 919 1171 956 πρὸς
1191 918 1273 956 μόνον
1293 918 1308 954 ἢ
1331 918 1455 946 διωκοντα
1479 916 1626 955 ἀμυνομένῳ
1649 918 1696 946 τινὶ
1720 920 1868 946 ἐπιθέσθαι
1884 916 1900 952 ἢ

1105 963 1148 989 καὶ
1171 964 1197 989 ἐν
1217 961 1287 999 φυγῇ
1310 963 1489 997 ἐπιτιθεμένου
1508 966 1512 981 ¹
1533 959 1611 988 αλλου
1633 958 1788 997 αμυνασθαι
1810 958 1899 988 αυτόν·

1107 1002 1158 1032 οὐτ’
1180 1002 1212 1031 ἂν
1228 1002 1280 1031 υπό
1297 1015 1327 1041 γε
1345 1002 1401 1034 ἑνὸς
1418 1014 1453 1034 εις
1471 1001 1485 1031 ὅ
1504 1000 1572 1030 τοῦτ
1593 1001 1762 1039 ἐπιστάμενος
1780 999 1854 1030 οὐδὲν
1869 1001 1901 1029 ἀν

1106 1045 1204 1079 πάθοι,
1223 1048 1285 1077 ἴσως
1303 1043 1326 1073 δ
1347 1044 1437 1074 ουδὲζ
1423 1045 1476 1073 υπὸ
1494 1043 1625 1077 πλειόνων,
1649 1043 1713 1072 ἀλλὰ
1730 1045 1850 1081 πανταχῇ
1870 1043 1901 1071 ἄν

1108 1087 1188 1125 ταύτῃ
1206 1090 1362 1116 πλεονεκτοῖ.
1390 1088 1425 1115 ἔτι
1448 1088 1474 1115 δὲ
1496 1088 1539 1115 καὶ
1560 1087 1596 1118 εἷς
1614 1086 1693 1115 ιῗλλου
1710 1086 1790 1115 καλοῦ
1806 1085 1899 1123 μαθή-

1107 1141 1190 1169 ματος
1208 1132 1351 1168 ἐπιθυμίαν
1367 1132 1514 1168 παρακαλεῖ
1530 1128 1559 1157 τὸ
1578 1129 1708 1157 τοιοῦτον·
1732 1128 1784 1159 πᾶς
1799 1128 1851 1167 γὰρ
1870 1127 1902 1156 ἄν

1107 1173 1206 1211 μαθὼν
1224 1177 1250 1201 ἐν
1267 1173 1357 1204 ὅπλοις
1373 1173 1511 1226 μάχεσθαι
1529 1171 1698 1209 ἐπιθυμήσειε
1717 1172 1759 1198 καὶ
1781 1170 1828 1199 τοῦ
1846 1171 1902 1206 ἑξῆς

1107 1215 1269 1253 μαθήματος
1286 1215 1332 1244 τοῧ
1350 1227 1408 1252 περι
1426 1215 1473 1247 τὰς
1489 1214 1580 1247 τάξεις,
1599 1215 1642 1242 καὶ
1659 1214 1741 1242 ταῦτα
1759 1213 1844 1250 λαβὼν
1859 1214 1903 1240 καὶ

1108 1259 1289 1295 φιλοτιμηθεὶς
1307 1262 1332 1285 ἐν
1351 1256 1439 1289 αὐτοῖς
1457 1258 1498 1285 ἐπὶ
1514 1257 1568 1284 πᾶν
1586 1256 1618 1284 ἂν
1635 1256 1664 1285 τὸ
1680 1257 1739 1293 περὶ
1756 1255 1803 1287 τὰς
1820 1267 1901 1293 στρα-

1109 1302 1198 1338 τηγίας
1216 1306 1220 1321 ¹
1240 1299 1366 1338 ὁρμήσειε.
1385 1301 1428 1327 καὶ
1445 1299 1492 1335 ἤδη
1510 1299 1596 1334 δῆλον,
1621 1298 1660 1328 ὅτι
1677 1298 1709 1326 τὰ
1727 1297 1825 1326 τούτων
1843 1297 1901 1333 ἐχό-

1102 251 1131 277 σὲ
1153 250 1196 276 καὶ
1218 248 1332 280 τούτους.
1360 246 1421 280 ἀλλ’,

1100 290 1184 327 ὖμῶνς

1108 1355 1172 1380 μενα
1194 1343 1237 1370 καὶ
1257 1341 1406 1380 μαθήματα
1427 1341 1514 1370 πάντα
1536 1354 1579 1369 και
1605 1339 1790 1378 ἐπιτηδεύματα
1815 1339 1921 1368 πάντα·

1110 1385 1153 1413 καὶ
1171 1384 1236 1413 καλὰ
1259 1385 1302 1412 καὶ
1323 1383 1421 1413 πολλοῦ
1444 1383 1504 1416 ιῗξια
1528 1382 1600 1421 ἀνδρὶ
1620 1386 1720 1420 μαθεῖν
1741 1394 1769 1411 τε
1785 1383 1829 1410 καὶ
1846 1385 1901 1410 ἐπι-

1110 1426 1244 1463 τηδεῦσαι,
1277 1423 1312 1454 ὧν
1343 1424 1517 1465 καθηγήσαιΐ
1546 1425 1578 1454 ἂν
1608 1426 1686 1454 τοῦτο
1717 1425 1748 1453 τὸ
1779 1424 1902 1462 μάθημα.

1110 1468 1299 1507 προςθήσομεν
1324 1467 1348 1496 δ
1378 1467 1446 1506 αὐτῷ
1474 1467 1504 1497 οὗ
1532 1467 1641 1505 σμικρὰν
1666 1466 1831 1504 προςθήκην,
1864 1465 1904 1495 ὅτι

1110 1511 1196 1540 πάντα
1219 1510 1300 1549 ἄνδρα
1323 1514 1349 1539 ἐν
1368 1513 1471 1548 πολέμῳ
1493 1511 1536 1538 καὶ
1557 1508 1775 1559 θαρραλεωτερον
1795 1509 1839 1537 καὶ
1857 1507 1902 1537 ἆν-

1112 1553 1257 1591 δρειότερον
1279 1552 1311 1582 ἂν
1332 1553 1463 1589 ποιήσειεν
1485 1552 1564 1581 αὐτὸν
1583 1552 1663 1581 αυτοῦ
1681 1564 1727 1580 ουκ
1745 1549 1822 1590 ὀλίγῳ
1841 1550 1904 1586 αὕτη

1111 1596 1126 1631 ἡ
1145 1596 1275 1633 ἐπιστήμη
1301 1595 1336 1633 μὴ
1355 1594 1518 1633 ἆτιμάσωμεν
1536 1596 1563 1623 δὲ
1581 1595 1673 1627 εἰπεῖν,
1691 1594 1714 1622 εἶ
1730 1595 1775 1622 καί
1790 1605 1825 1631 τῳ
1844 1605 1903 1631 σμι-

1111 1638 1235 1680 κρότερον
1253 1639 1324 1667 δοκεῖ
1339 1636 1416 1671 εἶναι,
1440 1637 1480 1666 ὅτι
1496 1638 1540 1666 καὶ
1561 1636 1797 1688 ευσχημονέστερον
1814 1635 1903 1664 ἐνταῦ-

1112 1685 1162 1714 θα,
1181 1682 1212 1709 οὑ
1228 1681 1277 1734 χρη
1298 1681 1344 1709 τὸν
1363 1680 1443 1717 αἰδρα
1467 1687 1470 1701 ¹
1494 1678 1729 1717 εὐσχημονέστερον
1749 1680 1904 1715 φαίνεσθαι,

1113 1725 1144 1752 οὑ
1163 1722 1216 1760 α’μα
1234 1724 1277 1751 καὶ
1296 1722 1437 1776 δεινότερος
1454 1726 1509 1753 τοῖς
1531 1725 1640 1758 ἐχθροῖς
1660 1725 1780 1757 φανεῖται
1801 1720 1843 1748 διὰ
1860 1720 1906 1756 τὴν

1113 1764 1313 1802 εὐσχημοσύνην
1341 1766 1397 1802 ἐμοὶ
1417 1768 1464 1802 μὲν
1486 1766 1539 1797 οὖν,
1562 1765 1581 1792 ὦ
1600 1765 1741 1816 Λυσίμαχε,
1764 1762 1846 1800 ὥςπερ
1863 1765 1903 1791 λε’-

1111 1820 1158 1846 γω,
1177 1809 1248 1836 δοκεῖ
1264 1820 1290 1836 τε
1307 1808 1399 1845 χρῆναι
1417 1807 1546 1835 διδάσκειν
1567 1806 1628 1838 τοὺς
1649 1807 1798 1837 νεανίσκους
1813 1804 1904 1838 ταῦτα,

1112 1851 1155 1878 καὶ
1173 1848 1201 1878 δι
1223 1849 1239 1878 ἅ
1258 1851 1328 1878 δοκεῖ
1344 1853 1443 1887 εἴρηκα
1462 1849 1583 1885 Λάχητος
1601 1847 1635 1881 δ,
1653 1851 1680 1877 εί
1692 1860 1717 1876 τι
1733 1847 1806 1885 παρὰ
1824 1847 1906 1876 ταῦτα

1112 1895 1184 1944 λέγει,
1203 1891 1251 1920 κᾶν
1269 1903 1347 1923 αυτος
1363 1891 1441 1927 ηδέως
1459 1903 1605 1928 ακουσαιμι.
1648 1897 1689 1918 Vl.
1705 1895 1758 1918 ΛΑ.
1773 1888 1835 1918 Αλλ
1853 1890 1906 1918 ἔστι

1110 1938 1167 1972 μέν,
1187 1935 1207 1962 ὦ
1227 1937 1318 1967 Νικία,
1338 1934 1454 1984 χαλεπὸν
1471 1936 1551 1972 λέγειν
1567 1934 1627 1971 περὶ
1648 1931 1759 1961 οτουοῦν
1775 1931 1904 1969 μαθημα-

1112 1988 1168 2009 τος,
1195 1976 1229 2008 ὦς
1251 1975 1282 2005 οὗ
1301 1976 1350 2014 χρὴ
1371 1976 1528 2014 μανθάιμειν
1556 1975 1642 2003 πάντα
1663 1975 1714 2013 γὰρ
1742 1976 1906 2003 ἐπίστασθαι

1113 2018 1222 2070 ἀγαθὸν
1239 2020 1310 2047 δοκεῖ
1326 2017 1396 2047 εἶναι.
1424 2019 1467 2046 καὶ
1484 2018 1514 2053 δὴ
1531 2019 1574 2046 καὶ
1595 2017 1626 2046 τὸ
1645 2016 1776 2046 ὁπλιτικὸν
1792 2017 1880 2050 τοῦτο,
1900 2022 1904 2037 ¹

1112 2074 1133 2089 ει
1150 2064 1196 2098 μέν
1214 2065 1267 2089 ἐστι
1283 2060 1411 2098 μάθημα,
1437 2060 1501 2098 ὅπερ
1523 2072 1605 2096 φασιν
1627 2061 1653 2088 οἳ
1675 2058 1845 2091 διδασκοντες,
1863 2059 1907 2087 καὶ

1113 2102 1169 2132 οἷον
1189 2105 1282 2135 Νικίας
1299 2106 1371 2141 λέγει,
1387 2103 1437 2140 χρὴ
1456 2101 1519 2131 αὐτὸ
1536 2101 1646 2139 μανθατ
1648 2112 1693 2130 ειν
1712 2101 1734 2130 εἶ
1750 2099 1773 2129 δ’
1791 2103 1846 2129 ἔστι
1861 2103 1907 2138 μὲν

1111 2145 1144 2182 μὴ
1161 2145 1284 2182 μάθημα,
1305 2144 1356 2173 ἀλλ
1374 2145 1536 2177 ἐξαπατῶσιν
1555 2145 1580 2173 οἳ
1597 2142 1837 2180 ὑπισχνουμενοι,η
1826 2142 1904 2180 “μά-

1114 2192 1188 2225 θημα
1205 2191 1252 2225 μὲν
1270 2186 1388 2226 τυγχάιει
1407 2187 1444 2220 ὃν,
1461 2187 1496 2224 μὴ
1512 2189 1598 2224 μέντοι
1616 2199 1640 2214 τι
1662 2185 1731 2214 πάνυ
1753 2186 1905 2218 σπουδαῖον,

1112 2232 1136 2258 τί
1159 2243 1201 2258 και
1224 2231 1277 2258 δέοι
1299 2229 1330 2257 ἄν
1353 2228 1416 2258 αὐτὸ
1437 2228 1596 2266 μανθάνειν,·
1618 2231 1682 2267 λέγω
1704 2229 1731 2256 δὲ
1748 2227 1831 2256 ταῦτα
1848 2228 1907 2265 περὶ

1114 2270 1194 2301 αυτοῦ
1211 2272 1248 2304 εἶς
1264 2271 1325 2300 τάδε
1344 2270 1503 2308 ἀποβλέψας,
1523 2270 1562 2300 ὅτι
1581 2269 1651 2308 οἶμαι
1670 2270 1727 2309 ἐγώ,
1751 2271 1829 2299 τοῦτο
1847 2272 1906 2298 εἴτι

1112 2315 1149 2350 ἦν,
1169 2326 1215 2343 ουκ
1235 2326 1267 2342 αν
1284 2317 1420 2350 λεληθέναι
1437 2315 1669 2350 Λακεδαιμονίους,
1693 2316 1731 2344 οἱς
1752 2311 1827 2341 οὐδὲν
1844 2311 1905 2340 ἄλλο

1112 2359 1179 2394 μέλει
1198 2360 1223 2384 ἐν
1240 2357 1275 2394 τῷ
1294 2358 1338 2394 βίῳ
1360 2355 1375 2392 ἢ
1397 2357 1475 2385 τοῦτο
1497 2358 1577 2391 ζητεῖν
1599 2356 1641 2383 καὶ
1663 2354 1823 2390 ἐπιτηδευειν,
1846 2353 1863 2383 o'
1882 2365 1906 2382 τι

1114 2412 1146 2427 αν
1165 2398 1301 2436 μαθόντες
1321 2399 1365 2426 καὶ
1387 2403 1399 2416 ¹‘
1422 2398 1631 2434 ἐπιτηδεύσαντες
1655 2399 1831 2426 πλεονεκτοῖεν
1855 2395 1906 2425 τῶν

1115 2441 1197 2469 ἄλλων
1214 2453 1273 2479 περι
1290 2441 1337 2470 τὸν
1357 2440 1478 2489 πόλεμον.
1497 2441 1519 2469 εἰ
1537 2439 1561 2468 δ’
1582 2442 1691 2470 ἐκείνους
1709 2438 1833 2474 ἐλελήθει,
1853 2436 1903 2466 ἀλλ’

1114 2496 1145 2512 ου
1162 2495 1271 2515 τουτους
1291 2495 1320 2522 γε
1342 2484 1403 2515 τους
1425 2482 1595 2514 διδασκάλους
1617 2480 1698 2510 αὗτοῦ
1715 2483 1824 2516 λέληθεν
1842 2478 1903 2509 αὐτὸ

1113 2538 1203 2558 τουτο,
1227 2525 1267 2554 ὅτι
1285 2529 1376 2554 ἐκεῖνοι
1395 2525 1509 2563 μάλιστα
1530 2525 1581 2553 τῶν
1599 2523 1720 2559 Ἑλλήνων
1742 2522 1903 2555 σπουδαζου-

1114 2580 1155 2596 σιι
1177 2569 1219 2596 ἐπι
1240 2572 1295 2599 τοῖς
1316 2578 1457 2600 τοιουτοις,
1484 2568 1528 2595 καὶ
1550 2566 1590 2595 ὅτι
1597 2578 1664 2616 Α,παρ
1692 2567 1794 2597 ἐκείνοις
1815 2563 1847 2593 ἂν
1869 2575 1906 2596 τις

1113 2611 1233 2647 τιμηθεὶς
1254 2611 1290 2642 εἰς
1310 2610 1393 2639 ταῦτα
1415 2611 1459 2638 καὶ
1479 2609 1552 2647 παρὰ
1573 2609 1624 2637 τῶν
1647 2608 1729 2636 ἄλλων
1754 2605 1851 2636 πλεῖστ
1875 2605 1907 2635 ἄν

1114 2652 1246 2690 ἐργάζοιτο
1266 2652 1398 2690 χρήματα,
1421 2651 1502 2690 ὥςπερ
1523 2664 1553 2690 γε
1574 2653 1618 2679 καὶ
1638 2651 1782 2704 τραγῳδίας
1801 2649 1907 2685 ποιητὴς

1114 2692 1175 2732 παρ’
1194 2694 1253 2732 ἡμῖν
1270 2697 1395 2732 τιμηθείς.
1413 2693 1548 2733 τοιγάρτοι
1565 2693 1595 2725 ὃς
1613 2693 1644 2722 «ἲν
1662 2695 1746 2728 οἴηται
1763 2692 1906 2730 τραγῳδίαν

1930 2400 1964 2420 181
