1998 3084
78 221 119 251 Ἶῐ

90 269 125 288 717
151 263 205 290 ἔστι
226 264 291 290 ποτὲ
313 265 325 279 *
346 264 376 289 τό
398 272 428 299 γε
451 258 540 298 ὀρθὸν
559 260 696 295 δέχεσθαι
723 272 808 297 ματην
825 260 871 288 οὖν
888 261 948 298 περὶ

83 1833 115 1910 Ἳ

692 138 750 163 DE
791 138 1042 166 LEGIBUS
1082 142 1179 167 LlB.

146 216 219 258 ᾗιρὰ
245 221 270 248 δὲ
291 217 387 257 μιαροῦ
405 217 475 256 δῶρα
495 216 554 246 οὔτε
574 216 655 255 ἄνδρα
675 215 784 256 ἀγαθὸν
802 216 861 258 οὔτε
880 218 948 246 θεὸν

149 303 232 335 θεοὺς
258 302 272 332 ὅ
298 302 379 334 πολύς
406 305 460 330 ἐστι
485 301 567 333 πόνος
593 305 648 333 τοῖς
671 300 798 334 ἀνοσίοις,
829 305 898 330 τοῖσι
920 303 946 330 δὲ

149 345 232 377 ὁσίοις
246 344 436 387 ἐγκαιρότατος
458 343 549 372 ἅπασι.
577 343 678 375 σκοπὸς
693 347 740 381 μὲν
759 345 805 372 οὐν
821 343 881 381 ἡμῖν
898 345 943 373 οὑ-

146 399 203 421 τος,
227 389 258 416 οὐ
280 388 319 416 δεῖ
339 385 530 422 στοχάζεσθαι·
559 388 616 423 βέλη
639 387 665 414 δὲ
689 385 770 414 αὐτοῦ
792 387 835 414 καὶ
857 390 913 414 οἱον
930 385 945 421 ἦ

146 434 201 461 τοῖς
223 431 321 466 βέλεσιν
343 430 439 465 εἶρεσις,
462 428 495 456 τὰ
519 426 576 457 ποῖ
599 440 630 456 αν
652 428 777 467 λεγόμενα
804 427 944 466 ὀρθότατα

145 470 241 510 φέροιτ’
261 470 305 505 «3³¹7,-
323 471 428 509 πρῶτον
444 474 498 508 μέν,
516 473 609 508 φαμὲν,
628 471 703 508 τιμὰς
721 470 768 502 τὰς
783 469 836 508 μετ’
853 468 942 508 Ὀλυμ-

144 516 220 545 πίους
236 525 263 542 τε
280 514 324 541 καὶ
341 512 401 544 τοὺς
418 513 463 548 τὴν
480 512 556 541 πόλιν
574 514 680 548 ἔχοντας
698 513 781 544 θεοὺς
798 516 854 544 τοῖς
868 516 942 548 χθο-

144 558 206 588 νίοις
233 555 265 584 ἂν
289 566 327 586 τις
352 558 430 586 θεοῖς
456 554 532 594 όῖρτια
558 556 601 583 καὶ
624 554 729 593 δεύτερα
751 556 794 583 καὶ
819 554 943 593 ἀριστερά

144 601 225 636 νέμων
246 596 386 636 ὀρθότατα
408 596 455 626 τοῦ
477 597 521 633 τῆς
537 596 669 634 εὐσεβείας
687 597 789 626 σκοποῦ
812 597 942 635 τυγχάνοι,

144 644 199 672 τοῖς
224 641 251 668 δὲ
277 638 376 668 τούτων
398 645 402 660 ¹
426 638 532 668 α’νωθεν
553 640 585 668 τὰ
608 639 716 689 περιττὰ
741 640 785 667 καὶ
812 638 942 676 ἀντίφωνα

142 685 198 714 τοῖς
216 683 369 720 ἔμπροσθεν
386 685 497 733 ῥηθεῖσι
511 682 556 710 νῦν
574 681 611 716 δὴ
629 682 694 719 μετὰ
710 681 793 713 θεοὺς
813 683 839 709 δὲ
854 681 942 712 τουςδε

142 725 186 753 καὶ
200 727 255 756 τοῖς
270 724 417 773 δαιμοσιν
408 723 423 752 ο’
437 736 466 762 γε
483 726 585 762 ἔμφρων
600 722 736 762 ὀργιαζοιτ
755 722 795 756 α’ν,
815 724 897 761 ἣρωσι
915 724 942 751 δὲ

141 766 206 805 μετὰ
232 766 347 798 τούτους.
375 769 553 795 ἐπακολουθεῖ
575 765 597 793 δ’
625 765 714 797 αυτοῖς
741 764 867 804 ἱδρύματα
890 767 941 793 ἴδια

142 807 272 858 πατρῴων
289 808 363 837 θεῶν
383 808 449 837 κατὰ
476 807 558 846 νόμον
585 807 764 847 ὀργιαζόμενα.
790 809 888 845 γονέων
914 809 941 835 δὲ

140 851 206 889 μετὰ
224 852 306 879 ταῦτα
324 851 396 888 τιμαὶ
413 849 521 883 ζώντων·
549 849 582 882 ὦς
600 853 689 889 θέμις,
713 848 851 887 ὀφείλοντα
871 848 938 878 ἀπο

141 895 217 922 τίνειν
237 893 270 922 τὰ
291 891 383 931 πρῶτοί
405 905 432 921 τε
454 894 498 920 καὶ
523 895 632 931 μέγιστα
661 891 832 929 ὀφειλήματα,
858 892 941 944 χρεῶν

141 948 246 964 παντων
263 935 441 973 πρεσβυτατα,
465 937 573 981 νομίζειν
591 936 629 967 δέ,
654 934 670 962 ὀὶ
688 937 805 969 κέκτηται
823 946 866 962 και
882 936 939 969 ἔχει,

141 977 227 1006 πάντα
250 976 314 1007 εἶναι
331 977 382 1006 τῶν
397 976 576 1016 γεννησάντων
593 977 637 1004 καὶ
655 978 831 1014 θρεψαμένων
851 983 854 997 ¹
873 976 941 1014 πρὸς

141 1020 171 1049 τὸ
189 1022 309 1058 παρέχειν
327 1018 392 1048 αὐτὰ
410 1020 446 1050 εἷς
462 1018 605 1068 ὑπηρεσίαν
623 1021 727 1049 ἐκείνοις
744 1018 811 1046 κατὰ
835 1017 941 1055 δύναμιν

141 1062 243 1095 πᾶσαν,
271 1060 414 1099 ἀρχόμενον
436 1060 489 1088 ἀπὸ
512 1060 555 1096 τῆς
577 1059 680 1093 οὐσίας,
708 1060 814 1096 δεύτερα
837 1061 871 1088 τὰ
893 1061 940 1088 τοῦ

141 1103 270 1142 σώματος,
287 1105 360 1141 τρίτα
378 1102 411 1131 τὰ
429 1102 472 1138 τῆς
489 1102 580 1140 ψυχῆς,
600 1101 760 1131 ἀποτίνοντα
780 1102 939 1140 δανείσματα

141 1147 282 1199 ἐπιμελείας
302 1157 329 1174 τε
350 1146 394 1173 καί
414 1143 630 1182 ὖπερπονούντων
651 1143 746 1176 ὠδῖνας
763 1144 879 1176 παλαιὰς
898 1145 939 1194 ἐπὶ

140 1191 206 1220 νέοις
224 1189 417 1220 δανεισθείσας,
438 1185 598 1216 αποδιδόντα
618 1188 645 1216 δὲ
662 1190 785 1218 παλαιοῖς
800 1192 826 1216 ἐν
840 1186 875 1224 τῷ
890 1185 937 1225 γή-

139 1244 172 1269 ρᾳ
190 1230 294 1269 σφόδρα
312 1232 480 1268 κεχρημένοις.
497 1230 571 1267 παρὰ
590 1231 617 1258 δὲ
634 1229 721 1259 πάντα
739 1229 785 1258 τὸν
801 1231 880 1268 βίον
874 1232 939 1265 ἔχειν

139 1286 166 1303 τε
184 1286 228 1302 και
245 1275 377 1309 ἐσχηκέναι
389 1272 438 1311 χρὴ
453 1271 520 1310 πρὸς
536 1271 616 1301 αὑτοῦ
631 1275 724 1312 γονέας
738 1271 865 1310 εὐφημίαν
881 1273 936 1299 δια-

139 1314 281 1365 φερόντως,
297 1314 363 1344 διότι
379 1313 484 1368 κούφων
502 1315 545 1342 καὶ
562 1316 664 1350 πτηνῶν
683 1321 687 1335 ¹
706 1313 790 1354 λόγων
807 1313 939 1352 βαρυτατη

140 1360 223 1396 ζημία·
242 1357 310 1386 πᾶσι
326 1357 377 1396 γὰρ
396 1358 539 1388 ἐπίσκοπος
555 1360 611 1388 τοῖς
627 1359 687 1396 περὶ
704 1356 736 1385 τὰ
752 1359 861 1386 τοιαῦτα
878 1354 937 1384 ἐτά-

137 1404 195 1437 χθη
214 1401 291 1436 Δίκης
307 1403 421 1438 Νέμεσις
436 1398 552 1438 α’γγελος.
570 1403 748 1437 θυμουμένοις
762 1410 789 1427 τε
805 1412 851 1429 ουν
864 1398 937 1427 ὑπεί-

138 1455 191 1472 κειν
208 1443 247 1471 δεῖ
262 1443 306 1471 καὶ
324 1440 509 1479 ἀποπιμπλᾶσι
526 1442 573 1471 τὸν
590 1443 687 1480 θυμόν,
707 1442 752 1471 ἐάν
769 1441 789 1469 τ’
809 1445 835 1471 ἐν
852 1441 940 1480 λόγοις

140 1484 184 1514 ἐάν
205 1483 226 1513 τ’
247 1488 273 1514 ἐν
295 1486 379 1524 ἔργοις
401 1483 481 1522 δρῶσι
502 1483 533 1513 τὸ
556 1484 688 1518 τοιοῦτον,
713 1484 939 1524 ξυγγιγνώσκοντα

139 1526 173 1560 ὥς
198 1526 302 1559 εἰκότως
325 1526 440 1565 μάλιστα
466 1525 552 1564 πατὴρ
578 1527 628 1554 υιεῖ
652 1526 765 1559 δοξαζων
788 1527 940 1555 ἀδικεῖσθαι

140 1567 245 1608 θυμοῖτ’
262 1581 295 1599 αν
311 1568 493 1607 διαφερόντως
512 1569 718 1605 τελευτησαντων
737 1570 763 1597 δὲ
778 1573 876 1609 γονέων
890 1581 937 1597 τοι-

139 1612 174 1650 φὴ
194 1614 242 1650 μὲν
261 1610 277 1648 ἦ
299 1610 505 1650 σωφρονεστάτη
528 1613 662 1648 καλλίστη,
684 1610 746 1649 μήτε
754 1610 938 1654 ὑπεραίροντα

140 1655 188 1684 τῶν
208 1655 365 1693 εἰθισμένων
388 1653 473 1694 ὄγκων
496 1653 551 1693 μήτ’
575 1656 723 1683 ἐλλείποντα
745 1655 780 1682 ὠν
803 1662 807 1675 ¹
827 1656 854 1683 οῖ
870 1665 938 1693 προ-

139 1709 251 1736 πατορες
267 1697 304 1729 εἷς
320 1696 381 1729 τοὺς
399 1695 484 1726 αυτῶν
501 1696 626 1736 γεννήτας
644 1699 778 1729 ἐτίθεσαν,
796 1696 843 1729 τοὶς
860 1709 886 1725 τε
906 1695 941 1725 αι’

140 1752 186 1769 κατ
214 1739 329 1769 ἐνιαυτὸν
349 1739 400 1768 τῶν
421 1738 469 1776 η’δη
488 1742 560 1771 τέλος
583 1738 692 1776 ἐχόντων
714 1738 832 1771 ὦςαύτως
851 1743 937 1776 ἐπιμε-

140 1784 208 1814 λείας
223 1782 270 1814 τὰς
286 1782 387 1820 κόσμον
403 1781 537 1820 φερούσας
555 1780 720 1811 ἀποδιδόναι
740 1781 775 1819 τῷ
793 1783 819 1811 δὲ
833 1781 868 1819 μὴ
883 1794 936 1808 πα-

140 1826 267 1863 ραλείπειν
286 1823 386 1863 μνήμην
408 1824 522 1860 ἐνδελεχῆ
539 1824 730 1862 παρεχόμενον,
752 1824 835 1862 τούτω
855 1828 866 1842 *
883 1836 935 1872 μα-

139 1865 201 1896 λιιι-τ’
223 1865 263 1896 ἀεὶ
283 1865 445 1905 πρεσβεύειν,
469 1865 585 1902 δαπανης
604 1867 657 1906 [τε]
676 1867 720 1902 τῆς
738 1868 868 1905 διδομένης
884 1865 936 1894 ὑπὸ

139 1920 215 1946 τυχης
240 1909 270 1938 τὸ
294 1912 399 1947 μέτριον
421 1913 477 1942 τοῖς
498 1908 636 1947 κεκμηκόσι
656 1912 774 1946 νέμοντα.
800 1907 870 1938 ταυτ’
891 1909 937 1936 οὑν

139 1952 273 1984 ποιοῦντες
289 1953 333 1980 καί
349 1950 418 1980 κατὰ
432 1952 515 1980 ταῦτα
531 1952 619 1984 ζῶντες
633 1951 757 1980 ἑκάστοτε
774 1953 878 1980 ἔκαστοι
893 1950 937 1986 τὴν

141 1992 214 2027 ἇξίαν
236 1993 268 2022 ἄν
288 1994 361 2032 παρὰ
383 1993 460 2023 θεων
477 1995 521 2023 καὶ
539 1994 599 2022 ὅσοι
618 1995 758 2031 κρείττονες
775 1993 844 2032 ἡμῶν
861 2005 936 2030 κομι-

140 2038 262 2074 ζοίμεθα,
290 2040 315 2065 ἐν
342 2038 439 2065 ἐλπίσιν
463 2035 585 2076 ἀγαθαῖς
608 2036 740 2075 διάγοντες
761 2037 791 2065 τὸ
814 2039 937 2066 πλεῖστον

139 2079 185 2108 τοῦ
203 2079 266 2116 βίου.
306 2077 336 2108 ‘24
354 2080 382 2108 δὲ
399 2079 466 2117 πρὸς
485 2078 607 2118 ἐκγόνους
624 2080 668 2106 καὶ
685 2081 813 2118 ξυγγενεῖς
830 2080 873 2107 καὶ
890 2082 933 2116 ‹pl-

139 2123 199 2153 λους
219 2122 262 2150 καὶ
283 2123 402 2155 πολίτας,
427 2121 479 2150 ὅσα
497 2134 523 2150 τε
542 2121 626 2154 ξενικὰ
646 2121 725 2171 [πρὸς
743 2121 829 2160 θεῶν]
849 2125 933 2160 θερα-

139 2174 257 2201 πευματα
278 2176 320 2192 και
343 2162 443 2202 ομιλίας
464 2164 618 2202 ξυμπαντων
639 2176 739 2192 τουτων
757 2162 935 2193 ἀποτελοῦντα

140 2205 185 2234 τὸν
207 2205 286 2235 αὗτοῦ
308 2207 364 2243 βίον
387 2212 391 2227 ¹
404 2206 621 2255 φαιδρυνάμενον
642 2206 709 2235 κατὰ
731 2205 812 2244 νόμον
829 2212 936 2245 κοσμεῖν

140 2248 188 2281 δεῖ,
211 2248 261 2277 τῶν
274 2247 368 2301 νόμων
381 2247 465 2277 αὗτῶν
481 2248 496 2285 ἡ
519 2250 644 2281 διέξοδος,
666 2249 699 2277 τὰ
720 2252 768 2287 μὲν
789 2251 934 2283 πείθουσα,

139 2290 172 2319 τὰ
198 2291 224 2319 δὲ
247 2290 283 2328 μὴ
307 2289 446 2320 ὗπείκοντα
473 2295 569 2320 πειθοῖ
589 2291 639 2319 τῶν
660 2290 737 2326 ἠθῶν
758 2292 800 2328 βίᾳ
818 2293 861 2320 καὶ
880 2294 934 2330 δίκῃ

140 2332 292 2366 κολάζουσα,
310 2333 357 2369 τὴν
373 2332 449 2362 πόλιν
466 2332 525 2371 ἡμῖν
543 2334 774 2383 ξυμβουληθέντων
791 2335 864 2363 θεῶν
881 2348 932 2372 μα-

139 2376 230 2428 καρίαν
250 2387 277 2403 τε
299 2376 342 2403 καὶ
363 2374 503 2413 ευδαίμονα
526 2374 653 2404 ἀποτελεῖ.
682 2375 698 2403 δι’
721 2377 747 2404 δὲ
767 2377 817 2414 χρὴ
837 2380 884 2415 μὲν
902 2378 934 2405 αὖ

138 2418 182 2445 καὶ
199 2415 341 2456 ἀναγκαῖον
358 2418 439 2446 εἰπεῖν
456 2420 632 2467 νομοθέτην,
641 2417 707 2450 iis-ug
725 2418 790 2456 ἅπερ
809 2419 858 2458 ἐγώ
877 2420 932 2447 δια-

140 2462 247 2492 νοεῖται,
275 2463 301 2488 ἐν
322 2461 349 2488 δὲ
371 2472 481 2498 σχηματι
508 2460 591 2497 νόμου
618 2458 778 2498 αναρμοστεῖ
799 2461 933 2501 λεγόμενα,

140 2513 237 2530 τουτων
258 2504 315 2540 πέρι
338 2503 409 2530 δοκεῖ
429 2515 476 2540 μοι
497 2503 588 2541 δεῖγμα
610 2502 800 2541 προενεγκόντα
820 2503 889 2541 αὐτῷ
907 2516 933 2533 τε

139 2544 182 2571 καὶ
204 2545 306 2575 ἐκείνοις
328 2542 365 2575 οῖς
386 2544 573 2582 νομοθετήσει,
603 2551 606 2565 ¹
634 2545 667 2573 τὰ
688 2545 767 2584 λοιπὰ
789 2558 876 2575 παντα
898 2547 934 2579 εἷς

140 2584 244 2623 δύναμιν
270 2586 450 2619 διεξελθόντα,
476 2587 506 2615 τὸ
532 2586 598 2624 μετὰ
625 2586 703 2616 τοῦτο
731 2587 865 2626 α’ρχεσθαι
891 2589 934 2625 τῆς

140 2630 242 2659 θέσεως
266 2627 317 2656 τῶν
343 2627 433 2665 νόμων.
462 2630 515 2657 ἔστι
542 2630 569 2657 δὲ
595 2628 625 2664 δὴ
651 2629 685 2657 τὰ
706 2630 815 2658 τοιαῦτα
838 2635 865 2659 ἐν
886 2634 934 2659 τίνι
955 2647 957 2660 ι

139 2669 252 2707 μάλιστα
274 2669 384 2708 σχήματι
405 2673 519 2708 κείμενοι,
547 2670 578 2699 οὐ
595 2671 664 2699 πάνυ
681 2672 770 2710 ῥᾴδιον
788 2677 813 2700 ἐν
830 2675 867 2701 ἑνὶ
884 2685 931 2702 πε-

1224 143 1259 168 {V

999 220 1138 256 ριλαβόντα
1157 220 1237 249 εἷπεῖν
1255 221 1320 250 αὐτα
1340 221 1396 251 οἷόν
1413 236 1459 251 ιινι
1478 223 1557 262 τύπῳ,
1574 223 1625 252 ἀλλ
1643 225 1740 254 οὑτωσί
1754 238 1790 254 τι-

998 274 1029 288 να
1048 262 1146 300 τρόπον
1163 263 1291 301 λαβωμεν,
1315 264 1347 293 οἷν
1368 278 1392 293 τι
1414 265 1553 303 δυνωμεθα
1571 279 1629 305 περι
1648 266 1731 296 αυτῶν
1749 269 1790 305 βε-

997 303 1177 354 βαιώσασθαι.
1221 311 1273 334 KA.
1296 310 1363 345 Λέγε
1384 307 1414 335 τὸ
1437 312 1522 337 ποῖον.
1566 314 1622 337 ΑΘ
1644 312 1792 348 Βουλοίμην

998 345 1028 373 (iv
1047 346 1141 378 αυτούς
1159 359 1193 379 ως
1209 347 1431 397 ευπειθεστατους
1449 350 1515 388 πρὸς
1536 349 1628 389 ἆρετην
1649 357 1725 385 εἰναι,
1748 353 1791 380 καὶ

997 389 1072 423 δῆλον
1094 388 1135 417 ὅτι
1155 389 1308 427 πειράσεται
1329 392 1406 420 τοῦτο
1431 392 1443 420 ὁ
1472 396 1620 443 νομοθέτης
1646 399 1671 422 ἐν
1699 407 1790 432 απαση

995 435 1079 459 ποιεῖι
1096 431 1127 468 τῇ
1145 435 1301 469 νομοθεσίᾳ.
1331 440 1334 454 ¹
1362 439 1415 461 KA.
1434 435 1497 466 ΙΙῶς
1513 435 1564 473 γὰρ
1584 435 1627 469 οὗ,-
1672 443 1714 464 lX.
1733 442 1788 465 ΑΘ.

997 473 1034 499 Tc}
1056 475 1142 501 τοίνυν
1164 474 1193 508 δὴ
1215 477 1341 510 λεχθέντα
1365 477 1436 508 ἔδοξέ
1456 479 1480 504 τί
1500 490 1546 514 μοι
1566 478 1700 516 προῦργου
1727 479 1807 516 δρᾶν

995 515 1030 546 εἷς
1051 515 1081 544 τὸ
1099 516 1159 553 περὶ
1177 517 1212 543 ὡν
1232 529 1263 544 αν
1280 530 1394 554 παραινῃ
1411 531 1446 555 μη
1464 519 1632 567 παντάπασιν
1635 520 1718 570 ὠμης
1735 531 1786 558 ψυ-

991 558 1038 592 χης
1060 557 1202 609 λαβόμενα,
1227 559 1326 595 μᾶλλον
1352 558 1375 586 δ
1397 559 1556 612 ἡμερωτερόν
1579 574 1606 590 τε
1629 562 1660 590 ἂν
1688 576 1789 591 ακουειν

993 600 1037 626 καὶ
1054 598 1245 637 εὐμενέστερον,
1264 601 1325 632 <ligre
1343 602 1365 629 εἰ
1383 614 1426 629 και
1441 602 1476 639 μὴ
1493 606 1559 641 μέγα
1577 616 1608 637 τι,
1628 617 1735 653 σμικρον
1754 607 1787 638 δέ,

993 641 1039 669 τὸν
1058 640 1187 670 ακουοντα
1207 641 1270 680 ὅπερ
1288 644 1367 679 φησίν
1385 643 1565 693 εὐμενέστερον
1578 646 1730 695 γιγνόμενον
1744 648 1786 676 ευ-

991 686 1161 721 μαθέο-τερον
1192 682 1380 722 ἇπεργασεται,
1412 699 1465 713 παν
1496 686 1638 725 αγαπητόν.

993 725 1073 761 πολλη
1092 737 1129 757 τις
1145 738 1262 754 ευπετεια
1281 726 1340 755 οὐδὲ
1359 727 1480 764 αφθονία
1498 730 1549 757 τῶν
1563 735 1788 768 προθυμουμένων

992 766 1026 799 ὠς
1044 766 1156 805 ἀρίστων
1173 767 1189 796 ό
1206 781 1230 796 τι
1245 768 1359 806 μάλιστα
1378 783 1421 797 και
1438 782 1472 801 ως
1490 770 1599 806 τάχιστα
1619 779 1622 792 ¹
1638 775 1786 811 γίγνεσθαι,

992 810 1038 838 τὸν
1056 810 1226 859 δὲ“(11σίοδον
1244 812 1270 839 οἱ
1287 813 1380 840 πολλοι
1398 812 1485 849 σοφὸν
1505 812 1683 850 ἀποφαίνουσι
1698 818 1739 853 λέγ
1742 828 1784 843 ον-

992 865 1024 880 τα
1047 852 1080 884 ὡς
1101 852 1116 888 ἡ
1136 855 1183 890 μὲν
1206 855 1246 881 ἐπι
1268 854 1313 889 τὴν
1334 854 1464 890 κακότητα
1487 854 1548 887 ὁδὸς
1564 858 1618 884 λεία
1636 870 1679 884 και
1698 856 1787 886 ανιδιτὶ

991 897 1096 932 παρέχει
1110 894 1284 933 πορεύεσθαι,
1302 895 1373 933 μάλα
1392 897 1499 934 βραχεῖα
1518 898 1594 931 οὐσα,

1024 954 1068 983 τῆς
1079 952 1102 976 δ’
1115 951 1212 985 ἀρετῆς,
1224 956 1306 986 φηοίν,
1318 955 1411 987 ιδρῶτα
1422 956 1480 979 θέοι
1486 955 1666 992 προπάροιθεν
1676 959 1770 989 ἔθηκαι

1026 986 1165 1015 dodrante»,
1175 988 1271 1019 μακιιὸς
1282 989 1306 1012 δὲ
1316 998 1358 1012 και
1367 988 1458 1029 ὄρθιος
1468 993 1540 1031 οἶμος
1550 992 1573 1017 ἐς
1583 990 1669 1022 αιιτην,

1025 1021 1067 1043 καὶ
1076 1030 1169 1052 τρηχυς
1178 1020 1328 1053 τὸπρῶτον·
1343 1021 1404 1053 strip
1415 1022 1438 1045 δ’
1451 1024 1484 1050 εἰς
1494 1023 1570 1056 ἄκροι
1581 1024 1654 1055 ι’κηαι,

1024 1054 1107 1085 ῥηὶδίη
1118 1053 1142 1078 δ’
1153 1054 1245 1085 ἥπειτοι
1254 1056 1329 1083 ndu
1338 1056 1438 1087 χαλεπη
1448 1065 1495 1088 περ
1505 1058 1589 1081 ἐοῦσα,

1008 1018 1020 1032 ἡ

990 1109 1044 1132 KA.
1062 1105 1117 1132 Καὶ
1135 1105 1218 1137 καλῶς
1233 1119 1250 1144 γ
1275 1108 1339 1135 ἔοικε
1357 1109 1463 1145 λέγοντι
1503 1113 1559 1136 ΑΘ.
1578 1108 1656 1137 Πανυ
1671 1113 1718 1147 μέν
1733 1123 1785 1138 ουν

991 1145 1004 1175 ὁ
1024 1148 1051 1174 δὲ
1069 1147 1199 1199 προάγων
1211 1148 1289 1187 λόγος
1307 1149 1322 1177 ὅ
1338 1152 1369 1187 γε’
1384 1162 1430 1186 μοι
1453 1149 1637 1189 απείργασται,
1661 1151 1786 1190 βούλομαι.

989 1188 1049 1226 ὖμῖν
1066 1189 1102 1221 εἷς
1119 1189 1149 1218 τὸ
1165 1193 1248 1227 μέσον
1266 1189 1329 1220 αὐτὸ
1349 1195 1445 1220 θεῖναι.
1489 1198 1542 1221 KA.
1563 1196 1639 1222 Τίθει
1658 1193 1693 1229 δή.
1729 1200 1784 1223 ΑΘ.

990 1234 1112 1283 Λεγωμεν
1134 1232 1163 1268 δη
1189 1234 1224 1270 τῷ
1250 1236 1385 1287 νομοθέτῃ
1401 1234 1602 1285 ’,διαλεγόμενοι
1615 1235 1683 1264 τόδε·
1723 1238 1784 1265 Εἰπὲ

989 1272 1059 1311 ημῖν,
1083 1286 1102 1302 ω
1124 1278 1271 1312 νομοθέτα·
1286 1278 1383 1326 Ἡεῖπερ
1397 1276 1413 1305 ὅ
1434 1289 1458 1304 τι
1476 1278 1526 1315 χρὴ
1548 1277 1670 1315 πράττειν
1693 1285 1696 1299 ¹
1719 1277 1785 1316 ἡμᾶς

990 1328 1033 1343 και
1054 1319 1134 1355 λέγειν
1155 1317 1256 1353 ειδείης,
1281 1330 1331 1356 αρα
1354 1331 1385 1347 ου
1408 1319 1496 1354 δῆλον,
1519 1319 1560 1348 ότι
1581 1333 1624 1348 και
1642 1333 1673 1348 αν
1691 1324 1784 1354 εἶποις;

989 1363 1044 1386 ΚΛ.
1065 1362 1225 1397 Λναγκαῖον.
1270 1365 1325 1388 ΑΘ.
1347 1362 1451 1399 Σμικρῷ
1471 1364 1519 1399 μὲν
1540 1362 1569 1398 δὴ
1591 1362 1715 1400 πρόσθεν
1733 1364 1784 1401 οἶρα

991 1413 1036 1429 ουκ
1053 1399 1200 1439 ἠκούσαμέν
1218 1414 1268 1430 σου
1285 1404 1411 1441 λέγοντος,
1430 1402 1464 1435 ὦς
1478 1403 1524 1432 τὸν
1538 1408 1686 1442 νομοθέτην
1702 1417 1734 1434 ου
1748 1407 1786 1434 δεῖ

990 1446 1044 1474 τοῖς
1065 1448 1186 1479 ποιηταῖς
1208 1447 1349 1482 ἐπιτρέπειν
1370 1449 1455 1474 ποιεῖν
1473 1445 1488 1474 ὅ
1507 1445 1539 1474 ἂν
1557 1445 1646 1478 αυτοῖς
1662 1448 1678 1484 Ιη’
1696 1450 1783 1484 φίλον;

991 1498 1021 1513 vv
1038 1486 1090 1524 γὰρ
1110 1485 1141 1514 ἄν
1158 1487 1254 1519 εἰδεῖεν,
1273 1489 1299 1515 τί
1314 1486 1371 1516 ποτ’
1389 1490 1504 1517 ἐναντίον
1521 1493 1581 1523 τοῖς,
1593 1489 1682 1526 νόμοις
1697 1489 1728 1517 [ἲν
1743 1493 1782 1518 λε’-

989 1539 1079 1566 γοντες
1101 1527 1239 1565 βλαπτοιεν
1261 1529 1305 1564 τὴν
1326 1529 1408 1558 πόλιν.
1452 1535 1505 1558 KA.
1524 1532 1622 1567 Λληθῆ
1637 1535 1726 1569 μέντοι
1743 1535 1782 1560 λε’-

988 1581 1048 1609 γεις.
1091 1576 1148 1599 ΑΘ.
1170 1570 1249 1621 Ὑπὲρ
1277 1571 1306 1607 δὴ
1333 1572 1384 1600 τῶν
1409 1573 1523 1608 ποιητῶν
1544 1574 1567 1601 εἰ
1587 1572 1649 1602 ταδε
1670 1577 1785 1613 λέγοιμεν

989 1612 1056 1650 πρὸς
1082 1611 1173 1646 αὐτόν,
1200 1613 1239 1651 ἀρ’
1267 1626 1298 1642 αν
1320 1627 1353 1642 τα
1376 1616 1502 1650 λεχθέντα
1526 1618 1563 1651 εἶη
1584 1618 1687 1657 μέτρια,·
1730 1622 1784 1645 ΚΛ

988 1658 1077 1689 Ποῖας
1119 1660 1177 1705 Α,Θ
1197 1654 1272 1684 Ταδε.
1302 1662 1306 1676 ¹
1332 1657 1454 1688 Παλαιὸς
1473 1657 1575 1694 μῦθος,
1597 1659 1617 1686 ὦ
1639 1662 1783 1696 νομοθέτα,

988 1696 1041 1725 ὑπό
1063 1709 1090 1726 τε
1113 1696 1197 1726 αὐτῶν
1218 1697 1288 1735 ημῶν
1311 1697 1351 1726 αεὶ
1373 1698 1510 1738 λεγόμενός
1531 1712 1586 1729 εστι
1603 1713 1646 1728 και
1663 1705 1719 1733 τοῖς
1737 1700 1782 1729 ἅλ-

988 1742 1042 1771 λοις
1059 1739 1126 1768 πᾶσι
1141 1741 1352 1779 ξυνδεδογμένος,
1377 1741 1417 1770 ὅτι
1437 1741 1556 1778 ποιητής,
1580 1742 1681 1771 ὁπόταν
1703 1748 1728 1771 ἑν
1749 1745 1785 1782 τῷ

988 1783 1090 1826 τρίποδι
1105 1783 1148 1818 τῆς
1163 1782 1276 1819 Μουσης
1290 1785 1436 1819 καθίζηται,
1452 1783 1512 1813 τότε
1527 1797 1574 1813 ουκ
1590 1786 1692 1823 ἔμφρων
1708 1788 1783 1819 ἕστίι,

989 1836 1045 1852 οιον
1067 1825 1093 1852 δὲ
1114 1824 1191 1874 κρήνη
1212 1837 1250 1856 τις
1271 1825 1301 1854 τὸ
1325 1826 1398 1854 ἐπιὸν
1419 1830 1472 1876 ῥεῖν
1493 1829 1600 1863 ἑτοίμως
1617 1828 1657 1864 ἑᾷ,
1680 1841 1724 1856 και
1741 1830 1784 1864 της

988 1869 1074 1902 τέχνης
1096 1879 1175 1903 ουσης
1194 1866 1324 1905 μιμήσεως
1347 1867 1515 1907 ἆναγκαζεῐαι
1533 1872 1650 1901 ἐναντίως
1669 1869 1785 1905 αλλήλοις

988 1907 1148 1947 ἆνθρωπους
1169 1909 1253 1938 ποιῶν
1273 1911 1469 1948 διατιθεμένους
1491 1914 1592 1940 ἐναντία
1614 1915 1694 1951 λέγειν
1716 1912 1784 1951 αυτῷ

986 1951 1117 1984 πολλακις,
1137 1950 1189 1980 οἶδε
1208 1953 1235 1980 δὲ
1253 1951 1306 1981 ουτ)
1323 1953 1346 1981 εἰ
1363 1953 1445 1982 ταῦτα
1464 1966 1508 1982 ουτ
1533 1955 1556 1982 εἰ
1575 1953 1679 1993 θατερα
1696 1954 1783 2007 αληθῆ

987 1993 1037 2022 τῶν
1062 1996 1215 2047 λεγομένων.
1241 1994 1276 2032 τῷ
1303 1996 1329 2023 δὲ
1358 2001 1361 2015 ¹
1389 1999 1523 2033 νομοθέτη
1550 1998 1628 2026 τοῦτο
1656 2010 1702 2026 ουκ
1729 1999 1783 2026 ἔστι

986 2039 1071 2065 ποιεῖν
1089 2040 1115 2065 ἐν
1132 2037 1167 2074 τῷ
1184 2036 1263 2074 νόμῳ,
1282 2036 1328 2065 δυο
1345 2039 1405 2075 περὶ
1423 2037 1486 2071 ἑνός,
1507 2038 1598 2067 ἁλλὰ’
1589 2040 1632 2068 ἕνα
1650 2041 1709 2078 περὶ
1726 2040 1783 2072 ενὸς

988 2091 1028 2108 αει
1046 2080 1084 2107 δεῖ
1101 2078 1180 2117 λόγον
1198 2078 1406 2115 αποφαίνεσθαι.
1434 2083 1529 2118 σκέψαι
1547 2080 1571 2109 δ’
1589 2085 1615 2114 ἐξ
1634 2081 1718 2110 αὐτῶν
1732 2083 1782 2111 τῶν

985 2120 1037 2150 ὑπὸ
1058 2121 1107 2149 σοῦ
1125 2121 1170 2149 νῦν
1188 2121 1217 2156 δὴ
1235 2124 1387 2157 λεχθέντων.
1416 2134 1496 2158 ουσης
1511 2136 1563 2162 γαρ
1581 2124 1663 2161 ταφῆς
1678 2125 1722 2160 τῆς
1734 2128 1782 2178 μὲν

984 2164 1213 2202 ὑπερβεβλημένης,
1240 2163 1284 2199 τῆς
1305 2165 1332 2192 δὲ
1355 2164 1530 2201 ἐλλειπουσης,
1556 2166 1601 2202 τῆς
1621 2168 1648 2195 δὲ
1668 2170 1780 2205 μετρίας,

985 2207 1030 2242 τὴν
1046 2209 1109 2244 μίαν
1126 2205 1246 2243 ἑλόμενος
1263 2205 1309 2239 σύ,
1331 2206 1377 2256 την
1392 2210 1484 2244 μέσην,
1503 2221 1598 2244 ταυτην
1614 2209 1781 2247 προςτάττεις

986 2251 1028 2278 καὶ
1048 2248 1174 2286 ἑπῃνεσας
1193 2247 1286 2280 ἆπλῶς.
1314 2249 1363 2287 ἐγώ
1382 2250 1419 2282 δέ,
1441 2250 1464 2278 εἰ
1484 2253 1531 2300 μὲν
1547 2250 1610 2289 γυνή
1627 2264 1672 2288 μοι
1690 2253 1778 2289 διαφέ-

985 2304 1070 2331 ρουσα
1092 2294 1130 2326 εἴη
1151 2290 1254 2328 πλουτῳ
1275 2303 1319 2318 και
1336 2289 1451 2320 θαπτειν
1469 2292 1548 2328 αυτὴν
1565 2293 1736 2323 διακελευοιτο
1755 2299 1781 2323 ἐν

985 2335 1020 2372 τῷ
1037 2345 1170 2371 ποιηματι,
1188 2333 1234 2361 τὸν
1250 2332 1480 2386 υπερβοὶλλοντα’“
1464 2347 1495 2363 αν
1512 2348 1598 2372 ταφον
1617 2342 1620 2356 ¹
1641 2339 1779 2372 ἐπαινοίην,

984 2376 1110 2414 φειδωλὸς
1131 2373 1155 2403 δ
1177 2376 1210 2403 αὖ
1230 2386 1268 2407 τις
1288 2388 1332 2403 και
1348 2378 1424 2412 πένης
1436 2375 1505 2430 ανὴρ
1522 2378 1569 2406 τὸν
1585 2379 1711 2411 καταδεᾶ,
1733 2382 1777 2416 μέ-

985 2431 1047 2457 τρον
1070 2420 1096 2447 δὲ
1119 2415 1211 2449 ουσίας
1231 2420 1380 2455 κεκτημένος
1401 2420 1444 2447 καὶ
1463 2422 1566 2470 μέτριος
1587 2420 1665 2453 αυτὸς
1683 2434 1718 2449 ων
1735 2421 1781 2450 τὸν

986 2460 1065 2490 αυτὸν
1087 2473 1119 2488 αν
1140 2462 1278 2488 ἐπαινέσοι.
1306 2473 1350 2489 σοι
1368 2460 1391 2488 δ
1409 2474 1457 2498 ουχ
1475 2462 1542 2491 οὕτω
1560 2466 1661 2502 ῥητέον,
1685 2474 1719 2494 ως
1736 2464 1780 2492 νῦν

984 2509 1064 2536 εἶπες,
1084 2505 1189 2541 μέτριον
1210 2501 1300 2535 εἰπών,
1324 2501 1387 2531 αλλὰ
1406 2506 1431 2532 τί
1446 2504 1476 2533 τὸ
1493 2507 1598 2542 μέτριον
1615 2518 1658 2533 και
1676 2504 1779 2534 ὁπόσον

984 2549 1085 2585 ῥητέον,
1107 2544 1123 2581 ἢ
1145 2544 1191 2573 τὸν
1212 2545 1332 2574 τοιοῦτον
1353 2545 1432 2585 λόγον
1452 2546 1529 2585 μήπω
1552 2559 1595 2576 σοι
1614 2548 1719 2576 διανοοῦ
1736 2550 1776 2586 γί-

982 2592 1098 2627 γνεσθαι
1119 2586 1207 2638 νόμον.
1251 2592 1303 2616 KA.
1330 2591 1510 2624 ᾍληθὲσῑατα
1537 2592 1622 2628 λέγεις.
1666 2596 1698 2617 X.
1722 2596 1778 2619 ΑΘ.

983 2631 1104 2668 Πότερον
1123 2642 1168 2659 ουν
1185 2628 1244 2667 ἧμιν
1262 2629 1275 2658 ὁ
1294 2634 1448 2669 τεταγμένος
1466 2633 1507 2660 ἐπὶ
1524 2636 1579 2663 τοῖς
1595 2631 1685 2670 νόμοις
1700 2633 1779 2670 μηδὲν

986 2674 1103 2702 τοιοῦτον
1123 2683 1304 2711 προςαγορευη
1327 2678 1352 2702 ἐν
1375 2673 1441 2712 ἀρχῆ
1464 2673 1513 2702 τῶν
1534 2673 1631 2712 νόμων,
1659 2673 1710 2701 ἀλλ
1735 2674 1776 2702 εὖ-

1750 148 1797 173 415

1675 702 1705 717 0v
1736 690 1787 728 τὰς
1805 718 1807 721 .

1814 1035 1849 1053 719
