1998 3084
187 1203 224 1221 216

185 2384 220 2402 217

762 731 1383 786 ΣΟΦΙΣΤΗΣ.

562 917 641 949 TA
687 917 811 948 ΤΟΥ
861 917 1209 948 ΔΙΑΛΟΓΟΥ
1257 917 1580 948 ΠΡΟΣΩΠΑ.

359 1004 636 1047 ΘΕΟΔΩΡΟΣ,
681 1004 962 1048 ΣΩΚΡΑΤΗΣ,
1007 1004 1164 1040 ΞΕΝΟΣ
1202 1004 1447 1047 ΕΛΕΑ,ΤΗΣ
1492 1004 1786 1041 ΘΕΑΙΤΗΤΟΣ.

334 1198 353 1220 1.
376 1195 390 1210 ⁸
413 1186 502 1220 Κατὰ
525 1191 571 1227 τὴν
591 1193 660 1227 χθὲς
683 1189 837 1229 ὁμολογίαν,
861 1185 882 1219 ὦ
899 1189 1044 1228 Σώκρατες,

249 1233 343 1271 ἥκομεν
366 1232 442 1263 αὐτοί
463 1246 490 1263 τε
513 1235 627 1271 κοσμίως
649 1233 692 1261 καὶ
715 1232 788 1261 τόνδε
809 1232 865 1262 τινὰ
886 1236 959 1265 ξένον
979 1232 1043 1271 ἄγο-

248 1289 306 1314 μεν,
333 1275 364 1305 τὸ
385 1278 432 1314 μὲν
452 1278 527 1315 γένος
549 1279 576 1308 εξ
596 1276 691 1308 Ἐλέας,
719 1277 823 1313 ἑταῖρον
850 1276 876 1304 δὲ
902 1276 953 1303 τῶν
980 1273 1045 1312 ἀμφὶ

248 1319 414 1356 Παρμενίδην
431 1319 475 1346 καὶ
492 1317 595 1354 Ζήνωνα
615 1317 757 1359 [ἕταίρων],
774 1317 845 1354 μαλα
861 1316 916 1346 δὲ
904 1317 935 1345 αν
937 1319 985 1355 δρα
1000 1330 1043 1353 φι-

249 1360 375 1397 λόσοφον.
418 1366 474 1389 ΣΩ
488 1355 540 1398 Αρ
558 1373 615 1393 ουν,
634 1372 654 1388 ω
674 1359 803 1397 Θεόδωρε,
823 1358 854 1388 οὗ
872 1363 956 1392 ξένον,
981 1358 1046 1387 αλλα

249 1415 306 1432 τινα
323 1401 392 1431 θεὸν
410 1401 481 1441 ἇγων
497 1402 564 1431 κατὰ
581 1402 629 1431 τὸν
643 1401 755 1439 Ὁμήρου
771 1401 852 1440 λόγον
868 1404 995 1451 λέληθας,
1018 1401 1047 1433 ὅς

248 1457 328 1482 φησιν
345 1443 438 1476 α’λλους
454 1457 482 1474 τε
499 1444 584 1477 θεοὺς
599 1448 655 1476 τοῖς
673 1442 839 1482 ανθρωποις,
859 1450 863 1464 ¹
883 1443 981 1473 ὁπόσοι
997 1456 1044 1482 με-

248 1490 366 1524 τὲχονσιν
388 1487 477 1518 αἷδοῦς
498 1488 609 1520 δικαίας,
636 1487 680 1515 καὶ
706 1486 735 1522 δὴ
761 1487 805 1514 καὶ
826 1488 874 1515 τὸν
894 1489 977 1518 ξέιιον
999 1498 1046 1522 ουχ

247 1529 340 1566 ἥκιστα
361 1528 430 1558 θεὸν
451 1529 602 1558 σννοπαδὸν
622 1528 775 1568 γιγνόμενον
795 1528 879 1570 ὕβρεις
896 1541 924 1557 τε
941 1541 984 1556 και
1001 1541 1044 1557 ευ-

247 1573 344 1623 νομιῐας
355 1571 407 1600 τῶν
425 1569 576 1610 ανθρώπων
593 1572 725 1609 καθορᾶν.
752 1569 807 1606 τάχ’
826 1571 872 1599 οὖν
891 1570 922 1599 ἂν
940 1583 983 1599 και
1002 1573 1047 1600 σοι’

247 1625 286 1646 τις
311 1625 389 1646 ουτος
413 1615 464 1642 τῶν
489 1613 641 1652 κρειττόνων
665 1615 815 1646 συνέποιτο,
842 1613 958 1650 φαύλους
979 1611 1046 1650 ἡμᾶς

249 1668 327 1688 οντας
344 1659 371 1685 ἐν
387 1659 443 1688 τοῖς
459 1655 548 1706 λόγοις
565 1654 731 1694 ἐποψόμενός
747 1667 774 1684 τε
789 1668 833 1683 και
848 1658 962 1705 ἐλέγξων,
978 1655 1046 1687 θεὸς

248 1711 285 1727 ων
309 1710 347 1730 τις
373 1697 520 1737 ἐλεγκτικός.
564 1704 643 1727 ΘΕΟ.
669 1696 722 1733 Οὗχ
749 1693 826 1730 οὗτος
851 1696 866 1726 ὅ
888 1697 998 1736 τρόπος,
1025 1698 1045 1726 ὠ

247 1739 396 1779 Σωκρατες,
418 1740 466 1770 τοῦ
483 1743 569 1774 ξένου,
589 1739 653 1768 ἀλλὰ
669 1739 839 1778 μετριώτερος
855 1741 906 1769 τῶν
922 1741 981 1778 περὶ
999 1739 1046 1772 τὰς

249 1784 334 1821 ’ἔριδας
354 1782 561 1812 ἐσπουδακότων.
591 1785 636 1811 καί
653 1795 699 1820 μοι
721 1783 792 1811 δοκεῖ
816 1782 884 1814 θεὸς
908 1785 956 1820 μὲν
983 1781 1045 1820 ἁνὴρ

249 1824 368 1863 οὐδαμῶς
384 1823 457 1858 εἶναι,
476 1829 554 1857 θεῖος
569 1824 629 1863 μήν·
648 1824 749 1856 πάντας
764 1824 816 1863 γὰρ
837 1831 840 1845 ¹
861 1824 910 1863 ἐγώ
924 1824 986 1856 τοὺς
1000 1837 1043 1860 φι-

248 1866 382 1903 λοσόφους
407 1879 542 1899 τοιουτους
566 1879 759 1905 προςαγορευω.
803 1872 858 1895 ΣΩ.
884 1868 940 1895 Καὶ
963 1867 1046 1898 καλῶς

248 1922 286 1948 γε,
304 1922 325 1938 ω
342 1911 406 1947 φίλε.
436 1910 515 1939 τοῦτο
532 1912 620 1947 μέντοι
636 1908 772 1938 κινδυνεύει
789 1909 819 1938 τὸ
836 1911 912 1947 γένος
929 1907 960 1938 οὗ
978 1908 1045 1937 πολυ

248 1965 273 1981 τι
299 1952 377 1991 ῥᾷον,
405 1950 440 1984 ὥς
465 1953 528 1983 ἔπος
548 1952 640 1984 εἰπεῖν,
668 1950 733 1980 εἶναι
754 1950 924 1989 διακρίνεινἸ
909 1964 925 1987 η
946 1951 976 1980 τὸ
999 1952 1046 1980 τοῦ

248 1995 329 2023 θεοῦ·
355 1993 426 2022 πάνυ
446 1993 498 2033 γὰρ
517 1992 608 2032 α’νδρες
625 2006 699 2023 ουτοι
716 1997 839 2022 παντοῖοι
847 1993 1045 2042 φανταζόμενοι

249 2036 291 2065 διὰ
312 2035 359 2072 τὴν
374 2036 426 2065 τῶν
443 2035 526 2064 α’λλων
544 2048 653 2086 αγνριαν
671 2036 895 2074 ἐπιστρωφῶσι
912 2035 1045 2071 πόληας,

249 2079 276 2108 οἳ
300 2077 336 2116 μὴ
361 2079 484 2110 πλαστῶς
511 2076 563 2106 ἀλλ’
590 2077 670 2110 ὅντως
695 2077 851 2115 φιλόσοφοι,
878 2078 1047 2116 καθορῶντες

247 2119 356 2158 ὑψόθεν
372 2133 419 2149 τον
435 2122 487 2149 τῶν
503 2119 573 2149 κάτω
592 2122 656 2157 βίον,
674 2122 718 2148 καὶ
735 2124 790 2152 τοῖς
805 2123 853 2158 μὲν
870 2121 993 2149 δοκοῦσιν
1007 2118 1043 2149 εἷ-

249 2175 292 2191 ναι
309 2163 356 2191 τοῦ
372 2162 481 2200 μηδενὸς
497 2164 587 2200 τίμιοι,
605 2166 662 2194 τοῖς
678 2161 703 2191 δ’
721 2161 789 2195 ἇξιοι
805 2163 853 2191 τοῦ
870 2161 979 2194 παντός·
1002 2163 1046 2190 καὶ

248 2207 308 2234 τοτὲ
327 2207 375 2242 μὲν
395 2205 523 2234 πολιτικοὶ
544 2204 731 2242 φαντάζονται,
756 2211 759 2226 ¹
782 2207 842 2234 τοτὲ
864 2206 891 2233 δὲ
910 2206 1043 2241 σοφισταί,

247 2249 306 2276 τοτὲ
328 2245 354 2275 δ’
374 2248 444 2276 ἔστιν
461 2245 500 2279 οἷς
517 2246 598 2279 δόξαν
612 2245 784 2299 παρασχοινί
802 2246 834 2275 ἂν
851 2245 886 2278 ὦς
902 2246 1042 2275 παντάπα-

248 2302 290 2319 σιν
312 2290 413 2325 ἔχοντες
430 2290 550 2327 μανικῶς.
576 2290 623 2318 τοῦ
645 2292 733 2338 μέντοι
750 2292 824 2322 ξένου
840 2287 900 2326 ἡμῖν
916 2288 1029 2325 ἡδέως
1013 2302 1045 2318 αν

247 2333 439 2369 πυνθανοίμην,
457 2331 480 2360 εἶ
497 2333 573 2368 φίλον
591 2330 667 2369 αὐτῷ,
685 2333 712 2360 τί
726 2329 807 2360 ταῦθ’
819 2332 846 2360 οἱ
859 2332 920 2369 περὶ
933 2331 980 2360 τὸν
995 2335 1046 2360 ἐκεῖ

247 2373 331 2403 τόπον
349 2378 362 2390 *
378 2372 490 2412 ἡγοῦντο
511 2374 555 2402 καὶ
576 2371 716 2411 ὠνόμαζον.
760 2378 840 2402 ΘΕΟ.
860 2373 899 2402 Τὰ
916 2377 982 2402 ποῖα
1001 2373 1044 2409 δή,

247 2421 302 2445 ΣΩ.
324 2414 471 2453 Σοφιστήν,
493 2415 638 2449 πολιτικόν,
660 2415 816 2469 φιλόροφον.
861 2420 940 2445 ΘΕΟ.
965 2418 997 2444 Τί
1017 2417 1044 2444 δὲ

245 2457 360 2496 μάλιστα
377 2470 421 2486 και
438 2458 468 2486 τὸ
486 2457 566 2486 ποῖόν
583 2470 607 2486 τι
623 2470 683 2496 περι
701 2456 785 2487 αὐτῶν
799 2458 974 2510 ὅιαπορηθεις
989 2460 1042 2495 ἐρέ-

248 2504 318 2529 σθαι
335 2498 487 2536 διενοῆθΊΙς,
529 2505 585 2528 ΣΩ.
605 2499 682 2529 Τόδε·
701 2499 814 2550 πότερον
832 2512 857 2528 εν
873 2499 960 2528 πάντα
978 2501 1041 2529 ταῦ-

246 2555 279 2572 τα
298 2541 445 2595 ἐνόμιζον“
429 2555 445 2578 η
464 2541 552 2575 Men*
536 2555 552 2578 η
570 2541 697 2580 καθαπερ
714 2542 751 2593 ‘m'c²
766 2541 884 2580 ὀνόματα
902 2544 968 2581 τρία,
984 2545 1043 2580 τρία

245 2585 290 2614 καὶ
314 2587 374 2624 γένη
401 2583 574 2623 διαιρούμενοι
598 2583 663 2613 καθ’
690 2585 714 2613 ἓν
741 2583 824 2622 όνομα
844 2587 921 2636 γένος
941 2584 1042 2622 ἑκάστῳ

244 2627 407 2677 προςῆπτον,·
451 2632 530 2656 ΘΕΟ.
552 2624 615 2656 Λλλ
637 2625 730 2660 οὐδείς,
754 2638 788 2658 ως
806 2630 913 2665 ἐγῳμαι,
935 2626 1043 2664 φθόνος

246 2668 315 2707 αὐτῷ
336 2670 452 2698 διελθεῖν
473 2681 547 2698 αυτα.
573 2667 589 2705 ἦ
606 2669 673 2702 πῶς,
696 2681 716 2697 ω
738 2672 804 2702 ξένε,
826 2671 950 2708 λέγωμενς
993 2674 1041 2698 ΞΕ.

248 2718 252 2733 ¹
278 2710 375 2745 Οὕτως,
398 2724 419 2740 ω
442 2710 567 2750 θεόδωρε.
593 2709 701 2748 φθόνος
719 2713 768 2749 μὲν
787 2710 838 2750 γὰρ
862 2710 956 2744 οὐδείς,
980 2709 1042 2740 οὐδὲ

1094 1190 1210 1226 χαλεπὸν
1231 1190 1323 1224 εἷπεῖν,
1351 1190 1391 1219 ὅτι
1411 1203 1441 1229 γε
1463 1192 1521 1244 τρία
1542 1189 1665 1244 ἡγοῦντο
1693 1189 1758 1241 καθ
1783 1192 1892 1221 ἕκαστον

1095 1232 1144 1270 μὴν
1160 1234 1334 1271 διορίσασθαι
1349 1235 1447 1270 σαφῶς,
1466 1235 1492 1261 τί
1504 1231 1563 1261 ποτ’
1580 1235 1655 1266 ἐστίν,
1675 1245 1707 1262 ου
1722 1233 1830 1284 σμικρὸν
1845 1233 1890 1263 οὖ-

1097 1277 1124 1303 δε
1146 1274 1266 1313 ρᾴὸιον’
1257 1277 1340 1314 ἔργον
1385 1281 1465 1304 ΘΕΟ.
1482 1276 1539 1303 Και
1558 1278 1606 1313 μὲν
1627 1275 1657 1311 δὴ
1675 1276 1741 1304 κατὰ
1760 1275 1838 1312 τύχην
1853 1289 1890 1315 γε,

1097 1329 1116 1345 ω
1138 1316 1287 1355 Σώκρατες,
1313 1316 1398 1356 λόγων
1420 1317 1547 1354 ἐπελάβου
1572 1320 1762 1355 παραπλησίων
1787 1330 1824 1347 ων
1848 1319 1892 1347 καὶ

1095 1361 1157 1397 πρὶν
1177 1358 1244 1397 ἡμᾶς
1265 1357 1330 1398 δεῦρ’
1351 1363 1440 1388 ἐλθεῖν
1462 1361 1629 1412 διερωτῶντες
1650 1358 1730 1389 αυτὸν
1752 1359 1890 1400 ἐτυγχανο-

1094 1414 1149 1439 μεν.
1177 1401 1191 1430 ὁ
1211 1403 1238 1430 δε
1255 1403 1350 1435 ταῦτα,
1374 1401 1440 1440 α’περ
1457 1402 1525 1439 πρὸς
1542 1404 1572 1431 σὲ
1589 1403 1646 1436 νῦν,
1668 1403 1712 1431 καὶ
1733 1401 1793 1432 τότε
1815 1402 1890 1452 ἐσκη-

1095 1456 1174 1472 πτετο
1196 1444 1264 1482 πρὸς
1283 1443 1361 1481 ἡμᾶς·
1389 1445 1444 1473 ἐπεὶ
1465 1445 1626 1480 διακηκοέναι
1646 1447 1677 1484 γε’
1696 1457 1776 1482 φησιν
1801 1446 1893 1477 ἱκανῶς

1096 1487 1140 1514 καὶ
1162 1484 1208 1515 οὐκ
1231 1484 1393 1524 ἀμνημονεῖν.
1436 1493 1467 1514 11.
1491 1493 1496 1507 ¹
1519 1492 1574 1515 ΣΩ.
1597 1486 1646 1522 Μὴ
1667 1489 1764 1520 τοίνυν,
1788 1488 1808 1516 ὤ
1829 1490 1891 1521 ξένε,

1096 1527 1167 1566 ἡμῶν
1187 1528 1233 1565 τήν
1257 1541 1287 1567 γε
1312 1541 1417 1566 πρωτην
1443 1528 1604 1564 αἷτησαντων
1626 1528 1703 1567 χάριν
1729 1527 1893 1567 ἇπαρνηθᾱὶς

1095 1574 1164 1609 γένῃ.
1191 1570 1300 1600 τοσόνδε
1323 1569 1347 1599 δ
1368 1570 1427 1609 ἧμιν
1448 1570 1539 1609 φραζε
1566 1571 1679 1609 πότερον
1700 1574 1801 1604 εἴωθας
1820 1571 1892 1608 ἥδιον

1097 1611 1176 1645 αὐτὸς
1197 1614 1239 1642 ἐπι
1262 1614 1361 1642 σαυτοῦ
1381 1614 1471 1652 μακρῷ
1488 1613 1557 1652 λόγῳ
1575 1615 1691 1646 διεξιέναι
1708 1616 1788 1664 λέγων
1804 1626 1891 1648 τουτο,

1097 1656 1111 1684 ὅ
1131 1655 1163 1683 ἂν
1181 1657 1351 1688 ἕνδείξασθαί
1366 1669 1401 1693 τῳ
1420 1655 1594 1708 βουληθῇς,“
1579 1669 1594 1692 η
1612 1654 1642 1684 δι
1662 1656 1816 1694 ερωτήσεων,
1836 1655 1893 1686 οἷόν

1095 1710 1160 1726 ποτε
1187 1699 1230 1726 καῖ
1256 1699 1408 1736 Παρμενίδη
1432 1701 1554 1736 χρωμένῳ
1580 1711 1623 1726 και
1650 1698 1768 1731 διεξιόντι
1798 1697 1893 1738 λόγους

1095 1739 1246 1779 παγκάλους
1263 1740 1442 1779 παρεγειόμην
1460 1740 1510 1779 ἐγὼ
1527 1743 1585 1772 νέος
1601 1741 1644 1774 ὦν,
1663 1742 1760 1770 ἐκείνου
1774 1740 1846 1779 μαλα
1861 1740 1891 1777 δὴ

1095 1781 1155 1811 τότε
1182 1781 1257 1814 όντος
1277 1782 1438 1819 πρεσβυτους
1482 1788 1529 1811 ΞΕ.
1553 1782 1596 1821 Τῷ
1619 1795 1677 1820 μεν,
1705 1784 1725 1811 ὠ
1746 1782 1890 1834 Σώκρατες,

1097 1822 1200 1856 ἀλύπως
1216 1836 1244 1853 τε
1261 1837 1305 1853 και
1322 1823 1425 1860 εὐηνίως
1429 1826 1674 1875 προςδιαλεγομένῳ
1689 1825 1754 1864 ρᾷον
1769 1837 1844 1859 ουτω,
1859 1825 1890 1854 τὸ

1097 1873 1101 1888 ¹
1120 1866 1187 1904 πρὸς
1205 1865 1294 1896 ἄλλον·
1316 1867 1340 1896 εἰ
1357 1868 1384 1895 δὲ
1399 1866 1443 1904 μή,
1461 1867 1491 1896 τὸ
1510 1865 1574 1896 καθ’
1593 1866 1679 1896 αυτόν.
1722 1873 1777 1896 ΣΩ.
1791 1866 1892 1900 Εξεοτι

1095 1911 1182 1938 τοίνυν
1206 1909 1258 1938 τῶν
1282 1908 1420 1947 παρόντων
1446 1922 1477 1938 ον
1503 1922 1535 1938 αν
1561 1909 1696 1948 βουληθῇς
1721 1912 1890 1942 ἐκλέξασθαι·

1095 1951 1190 1983 πάντες
1210 1951 1262 1990 γὰρ
1283 1950 1481 1981 ὖπακουσονταί
1501 1964 1544 1981 σοι
1561 1962 1661 1990 πραως·
1689 1951 1826 1990 συμβουλῳ
1841 1951 1891 1989 μὴν

1096 1994 1153 2031 ἐμοὶ
1161 2005 1300 2047 1,χρωμενος
1316 1994 1368 2022 τῶν
1384 1997 1447 2023 νέων
1463 2007 1520 2023 τινα
1539 1993 1652 2031 αἱρήσει,
1672 1996 1813 2030 Θεαίτητον
1829 1994 1889 2023 τόν-

1096 2037 1134 2068 δε,
1156 2034 1172 2072 ἦ
1194 2048 1238 2064 και
1258 2035 1310 2065 τῶν
1333 2035 1415 2065 ἄλλων
1435 2039 1463 2065 εἴ
1479 2038 1517 2068 τίς
1539 2048 1582 2065 σοι
1599 2036 1666 2065 κατὰ
1683 2036 1752 2065 νοῦν.
1795 2042 1844 2066 ΞΕ.
1858 2031 1891 2064 Ω

1094 2077 1243 2130 Σώκρατες,
1266 2077 1345 2110 αἰδώς
1365 2080 1403 2110 τίς
1421 2091 1442 2115 μ
1465 2079 1515 2114 ἔχει
1531 2078 1562 2107 τὸ
1581 2078 1625 2107 νῦν
1641 2078 1748 2117 πρῶτον
1764 2077 1889 2118 σιηγενό-

1094 2132 1173 2158 μενον
1193 2119 1254 2158 ὖμῖν
1271 2120 1308 2158 μὴ
1329 2133 1396 2149 κατα
1418 2120 1527 2158 σμικρὸν
1548 2122 1611 2152 ἔπος
1630 2120 1698 2159 πρὸς
1719 2121 1782 2153 ἔπος
1805 2124 1889 2150 ποιεῖ-

1097 2166 1167 2191 σθαι
1183 2161 1230 2198 τὴν
1247 2165 1400 2196 συνουσίαν,
1420 2161 1472 2191 αλλ’
1492 2164 1637 2191 ἐκτείναντα
1656 2161 1828 2201 απομηκύνειν
1843 2162 1888 2192 λό-

1095 2217 1144 2244 γον
1162 2204 1258 2240 ουχνὸν
1274 2203 1329 2234 κατ’
1347 2204 1466 2254 e’pavto'v:
1484 2208 1535 2234 ειτε
1551 2205 1596 2233 καὶ
1614 2211 1619 2226 ¹
1637 2204 1705 2243 πρὸς
1722 2217 1815 2243 ετερον,
1834 2203 1891 2235 οἷον

1096 2247 1214 2279 ἐπίδειξιν
1234 2258 1403 2285 ποιουμενον·
1430 2247 1466 2285 τῷ
1486 2247 1538 2286 γὰρ
1560 2245 1616 2276 όντι
1632 2247 1662 2276 τὸ
1680 2247 1726 2276 νῦν
1742 2250 1826 2286 ῥηθὲν
1843 2245 1891 2284 οὐχ

1095 2288 1161 2318 ὅσον
1178 2284 1227 2318 ωδε
1245 2292 1378 2327 ἐρωτηθὲν
1395 2288 1554 2318 &inlu-susat*
1537 2302 1570 2318 αν
1586 2287 1650 2318 αὐτὸ
1669 2287 1735 2319 εἷναί
1754 2301 1803 2323 τις,
1826 2287 1890 2318 ἀλλὰ

1094 2343 1213 2370 τυγχανει
1234 2330 1316 2370 λόγου
1336 2331 1489 2370 παμμήκους
1510 2331 1604 2361 ον.τό
1627 2332 1655 2360 δὲ
1677 2344 1710 2361 αυ
1728 2332 1773 2361 σοὶ
1787 2331 1823 2369 μὴ
1838 2344 1888 2368 χα-

1093 2375 1216 2412 ρίζεσθαι
1237 2374 1281 2402 καὶ
1301 2375 1397 2407 τοῖςδε,
1425 2373 1507 2406 ἄλλως
1526 2386 1554 2403 τε
1575 2374 1619 2402 καὶ
1641 2373 1691 2403 σοῦ
1711 2376 1832 2406 λέξαντος
1857 2372 1891 2406 ὦς

1094 2415 1173 2449 εἶπες,
1203 2414 1296 2448 αξενόν
1320 2428 1348 2445 τε
1369 2418 1559 2453 καταφαίνεταί
1576 2428 1623 2454 μοι
1642 2417 1687 2445 καὶ
1709 2415 1808 2455 α’γριον.
1836 2416 1890 2445 ἐπεὶ

1095 2457 1236 2494 Θεαίτητόν
1259 2470 1290 2497 γε
1315 2458 1362 2487 τὸν
1383 2463 1397 2477 *
1418 2458 1667 2497 προς-διαλεγόμενον
1692 2456 1757 2487 εἶναι
1783 2459 1889 2496 δέχομαι

1092 2499 1262 2529 παντάπασιν
1284 2503 1311 2533 ἐξ
1332 2502 1368 2529 ὧν
1389 2499 1469 2533 αυτός
1489 2513 1516 2530 τε
1537 2500 1666 2552 πρότερον
1688 2501 1832 2542 διείλεγμαι
1845 2499 1890 2528 και

1093 2555 1127 2571 συ
1144 2542 1177 2571 τὰ
1195 2542 1240 2571 νῦν
1255 2555 1301 2580 μοι
1319 2542 1464 2572 ὅιακελεύει.
1507 2548 1601 2572 ΘΕΑῙ.
1617 2538 1681 2581 Αρα
1698 2544 1792 2576 τοίνυν,
1810 2554 1831 2571 ω
1846 2544 1886 2575 ξέ-

1092 2597 1131 2618 νε,
1159 2584 1227 2613 οὕτω
1248 2585 1292 2613 καὶ
1313 2584 1440 2624 καθάπερ
1462 2583 1517 2614 εἶτε
1534 2584 1675 2638 Σωκράτης
1695 2584 1763 2614 πᾶσι
1784 2596 1886 2623 κεχαρι-

1093 2629 1186 2664 σμένος
1208 2627 1272 2661 ἔσεις
1316 2633 1364 2656 ΞΕ.
1385 2626 1534 2657 Κινδυνοῦει
1554 2627 1622 2678 πρὸς
1640 2629 1689 2664 μὲν
1708 2627 1792 2656 ταῦτα
1813 2625 1888 2656 οὐδὲν

1093 2682 1129 2698 ετι
1149 2672 1251 2698 λεκτέον
1272 2667 1349 2703 εἶναι,
1373 2672 1506 2706 Θεαίτητε·
1532 2669 1600 2708 πρὸς
1617 2670 1645 2698 δὲ
1662 2672 1693 2699 σε
1709 2667 1757 2706 ἤδη
1773 2668 1804 2698 τὸ
1821 2667 1887 2707 μετὰ

1091 2711 1178 2744 τοῦτο,
1198 2711 1232 2743 ὦς
1250 2713 1322 2745 ἔοικε,
1340 2711 1446 2751 γίγνοιτ’
1464 2711 1497 2741 ἂν
1514 2711 1528 2740 ὃ
1546 2711 1632 2751 λόγος.
1661 2710 1693 2741 ἄν
1709 2709 1764 2740 δ’
1747 2723 1799 2750 αρα
1813 2723 1838 2740 τι
1851 2709 1887 2750 τᾷ

1995 403 1998 459 2

1993 463 1998 591 f
