1998 3084
80 472 97 490 Ι)

64 1061 98 1080 ⁵³1

83 2668 118 2686 532
143 2673 192 2688 ναι.

611 173 670 199 DE
711 172 1043 199 REPUBLICA
1085 172 1182 197 Llss,

124 267 188 288 πον,
215 255 258 283 καὶ
284 251 364 282 τᾶλλα
389 251 455 281 κατὰ
476 251 523 280 τὸν
545 249 625 280 αὐτὸν
646 250 745 289 τρόπον
766 250 918 289 προςτιίξειν

124 297 197 334 ἡμᾶς,
217 296 261 325 ἐάν
278 308 301 324 τι
318 295 388 333 ἡμῶν
405 293 439 325 ὦς
455 293 610 330 νομοθετῶν
629 293 722 329 ὁφελος
739 295 762 331 1}
790 300 844 322 ΧΙΙ
860 296 915 322 Λλ-

124 339 156 367 λὰ
173 339 224 377 γὰρ
242 341 267 366 τί
283 339 345 373 ἐχεις
361 335 510 373 υπομνῆσαι
527 335 576 364 τῶν
593 335 773 373 πρυςηκόντων
786 349 822 373 μα
829 334 915 373 θημοῖ·

124 393 186 414 των,-
212 379 263 409 Οὐκ
281 381 337 415 ἔχω,
357 379 411 415 ἔφη,
430 378 475 406 νῦν
491 375 514 415 7’
532 376 635 406 οὑτωσί
681 376 718 406 Οὐ
733 378 784 415 μὴν
802 378 834 411 ἓν,
854 376 917 405 ἀλλὰ

124 425 214 455 πλείω,
232 423 262 458 ἠν
280 419 304 449 δ’
321 419 382 459 ἐγώ,
401 420 454 455 ειδη
471 422 611 457 παρέχεται
628 418 643 455 ἦ
660 419 744 458 φορά,
764 419 798 452 ὦς
815 420 918 458 ἐγῷμαι

125 465 156 493 τὰ
177 467 225 502 μὲν
246 464 293 492 οὖν
314 469 319 484 ¹
342 461 428 490 πάντα
450 465 512 493 ι’σως
530 461 596 493 ὅςτις
613 461 699 498 σοφὸς
717 463 765 494 ἕξει
782 462 874 491 εἰπεῖν·
903 460 919 489 ἆ

125 508 151 535 δὲ
172 507 217 535 καὶ
237 505 305 555 ἡμῖν
316 504 450 557 προφανῆ,
473 503 527 532 δύο.
570 508 645 533 Ποῖα
663 503 706 540 δής
736 504 811 542 Πρὸς
827 503 918 541 τούτῳ,

124 550 155 584 ἠν
172 547 196 576 δ’
214 547 270 598 ἐγώ,
291 545 465 583 ἇντίστροφον
483 544 570 574 αὐτοῦ.
599 545 636 575 Τὸ
653 550 745 580 ποῖονς
764 542 918 578 Κινδυνευει,

126 592 196 627 ἔφην,
214 589 249 621 ὠς
265 589 332 627 πρὸς
350 587 526 625 ἀστρονομίαν
544 587 648 625 ὄιιματα
667 591 788 641 πέπηγεν,
806 588 840 620 ὥς
854 587 921 625 πρὸς

126 631 277 670 ἐναρμόνιον
297 630 384 668 φορὰν
406 631 459 658 ὦτα
481 631 607 668 παγῆναι,
633 631 677 658 καὶ
704 633 780 659 αὑται
807 629 921 666 αλλήλων

126 673 236 711 ἀδελφαί
251 684 316 704 τινες
334 674 361 700 αἱ
379 672 516 713 ἐπιστῆμαι
538 677 614 705 εἶναι,
637 671 672 704 ὦς
693 674 720 701 οἵ
738 684 766 701 τε
782 671 918 710 Πυθαγό-

125 718 191 755 ρειοί
205 728 273 753 φασι
289 716 332 743 καὶ
349 713 433 766 ἧμεις,
446 715 466 742 ὦ
485 714 614 747 Γλαύκων,
633 715 819 768 ξυῗγχωροῧμεν.
837 713 852 750 ἢ
866 713 922 744 πῶς

124 759 263 796 ποιοῦμενς
293 756 390 789 Οὕτως,
418 758 473 793 ἔφη.
520 756 631 790 Οὐκοῦν,
653 758 684 792 ἢν
706 756 729 784 δ’
751 760 812 795 ἔγω,
836 754 920 790 ἐπειδὴ

124 801 191 830 πολὺ
211 807 215 821 ¹
234 799 263 828 τὸ
284 801 366 853 ἔργον,
386 801 485 827 ἐκείνων
501 798 668 836 πευσόμεθα,
686 798 742 830 πῶς
755 801 858 837 λέγουσι
873 809 919 826 πε-

124 844 150 882 ρὶ
168 841 253 871 αὐτῶν
270 855 313 870 και
330 845 357 870 εἶ
369 854 394 870 τι
412 840 474 869 α’λλο
492 841 559 879 πρὸς
575 839 687 872 τούτοις·
715 840 787 878 ἡμεῖς
804 842 831 869 δὲ
848 839 921 877 παρὰ

124 884 211 914 πάντα
237 884 319 913 ταῦτα
345 883 493 921 φυλάξομεν
518 883 548 911 τὸ
565 882 703 932 ,ἡμέτερον
747 886 847 916 Ποῖον;
875 881 924 917 Μή

124 925 183 956 ποτ’
205 925 289 955 αὐτῶν
309 938 334 954 τι
356 924 442 957 ἀτελὲς
460 925 620 963 ἐπιχειρῶσιν
636 926 696 962 ἡμῖν
711 924 860 962 μανθάνειν
878 935 923 955 ους

126 972 273 1007 θρέψομεν,
300 969 344 996 καὶ
366 966 412 997 οὐκ
434 969 523 1003 ἐξῆκον
545 970 626 995 ἐκεῖσε
649 965 700 999 ο’τεί,
729 979 754 996 οι
774 966 861 995 πάντα
885 967 924 994 δεῖ

126 1011 244 1061 ἀφήκειν,
267 1014 324 1039 οἱον
346 1009 404 1048 ἂρτι
424 1011 483 1047 περῖ
501 1009 545 1044 τῆς
563 1007 739 1046 ἀστρονομίας
756 1011 880 1047 ελέγομεν.
907 1006 923 1043 ἢ

126 1066 172 1083 ουκ
200 1051 273 1082 οἷσθ’
300 1052 340 1081 ὅτι
366 1053 409 1080 καὶ
429 1063 489 1089 περι
511 1050 637 1092 ἁρμονίας
659 1051 746 1089 ἕτερον
768 1055 781 1069 *
803 1051 924 1079 τοιοῦτον

125 1095 245 1129 ποιοῦσις
259 1094 307 1126 τὰς
320 1093 372 1133 γὰρ
388 1092 547 1141 ἀκουομένας
563 1094 595 1121 αὐ
610 1095 759 1130 συμφωνίας
771 1093 815 1120 καὶ
827 1091 920 1142 φθόγ

124 1149 187 1177 γους
203 1136 319 1172 ἀλλήλοις
335 1135 537 1173 ἀναμετροῦντες
552 1133 672 1170 ἆνήνυτα,
683 1134 765 1172 ω’ςπερ
781 1136 807 1163 οἱ
823 1133 921 1172 ἄστρο-

124 1179 213 1219 νόμοι,
234 1179 369 1208 πονοῦσιν.
415 1178 459 1213 Νὴ
480 1177 542 1209 τοὺς
558 1176 652 1209 θεούς,
677 1179 736 1213 ἔφη,
759 1178 802 1205 καὶ
819 1178 924 1215 γελοίως

124 1235 162 1265 γε,
180 1219 325 1259 πυκνωματ’
344 1219 409 1249 ἅττα
425 1218 595 1257 ὀνομάζοντες
607 1221 652 1248 καὶ
665 1218 877 1257 παραβάλλοντες
891 1217 923 1247 τὰ

125 1277 188 1298 ωτα,
207 1263 263 1293 οἷον
280 1267 306 1292 ἐκ
323 1262 446 1302 γειτόνων
462 1262 549 1298 φωνὴν
567 1261 747 1300 θηρευόμενοι,
767 1263 793 1290 οἷ
810 1264 856 1299 μέν
869 1274 922 1297 φα-

126 1319 168 1336 G'W
185 1309 222 1335 ἕῖι
239 1317 392 1335 καῖακουείν
409 1308 436 1333 ἐν
451 1307 522 1342 μέσῳ
539 1304 596 1332 TW&
613 1303 677 1340 ἠχην
691 1305 734 1332 καὶ
750 1316 925 1341 σμίκροῖαΐον

125 1348 190 1378 efron
211 1348 290 1378 τοῦτο
313 1347 455 1384 διάστημα,
482 1348 502 1374 ὡ
521 1349 672 1385 μετρητέον,
699 1348 726 1375 οἳ
748 1348 775 1374 δὲ
797 1345 922 1397 ἆμφιῗςβη-

125 1392 229 1423 τοῧντες
246 1402 280 1423 ως
298 1390 390 1428 ὅμοιον
407 1389 454 1425 ἤδη
471 1391 668 1440 φθεγγομένων,
685 1387 833 1430 ἀμφότεροι
848 1389 902 1416 ω’τα
919 1394 922 1408 ¹

125 1436 172 1464 τοῦ
197 1434 245 1463 νοῦ
270 1444 491 1471 προοτησαμενοι.
535 1431 575 1459 Σὺ
600 1434 654 1468 μὲν,
681 1432 711 1466 ἢν
733 1429 757 1458 δ’
779 1430 836 1469 ἐγω,
863 1430 925 1462 τοὺς

123 1476 253 1515 χρηστοὺς
270 1478 349 1514 λέγεις
366 1474 427 1506 τοὺς
443 1477 501 1505 ταῖς
512 1474 622 1511 χορδαῖς
635 1473 778 1512 πράγματα
793 1475 922 1511 παρέχον-

125 1531 172 1551 τας
192 1520 236 1548 καὶ
259 1519 457 1556 βασανίζοντας,
481 1517 523 1544 ἐπὶ
544 1516 595 1544 τῶν
616 1516 751 1544 κολλόπων
768 1515 922 1554 στρεβλοῦν-

126 1573 179 1594 τας.
205 1563 248 1590 ι’να
271 1561 298 1589 δὲ
318 1559 353 1598 μὴ
374 1561 522 1597 μακροτέρα
544 1556 559 1593 ἧ
581 1558 656 1586 εἰκὼν
672 1560 789 1610 γίγνηται
806 1557 924 1595 πλήκτρῳ

126 1617 153 1633 τε
174 1603 278 1643 πληγῶν
298 1604 455 1642 γιγνομένων
475 1602 518 1629 καὶ
539 1602 696 1639 κατηγορίας
712 1603 770 1638 πέρι
787 1601 830 1628 καὶ
848 1603 923 1638 εξαρ-

127 1645 224 1683 νήσεως
245 1647 288 1674 καὶ
311 1643 460 1677 ἀλαζονείας
479 1643 593 1681 χορδῶν,
620 1642 739 1680 παύομαι
760 1642 805 1692 τῆς
826 1641 927 1673 εἰκόνος

128 1690 171 1718 καὶ
193 1687 225 1718 ου’
241 1699 306 1725 φημι
324 1686 432 1718 τούτους
449 1688 541 1724 λέγειν,
565 1683 617 1713 αλλ’
639 1687 749 1717 ἐκείνους
767 1684 812 1716 οὓς
830 1686 927 1722 ἔφαμεν

128 1732 173 1761 νῦν
190 1731 221 1767 δὴ
237 1731 297 1779 περὶ
316 1728 442 1767 ἇρμονίας
459 1727 615 1766 ἐρήσεσθαι.
637 1726 733 1756 ταυτὸν
749 1727 801 1766 γὰρ
818 1726 926 1756 ποιοῦσι

129 1777 184 1805 τοῖς
205 1777 231 1802 ἐν
252 1773 284 1810 τῇ
307 1770 479 1810 ἀστρονομίᾳ·
508 1776 512 1791 ¹
539 1781 602 1802 τους
621 1769 673 1808 γὰρ
696 1773 722 1798 ἒν
742 1780 849 1801 ταυταις
869 1772 928 1800 ταῖς

130 1817 288 1854 συμφωνίαις
307 1817 365 1845 ταῖς
383 1812 552 1850 ακουομέναις
570 1810 703 1850 ἀριθμοὺς
720 1813 849 1848 ζητοῦσιν,
873 1809 925 1839 ἀλλ’

130 1857 176 1888 οὐκ
193 1858 230 1889 εἷς
245 1855 418 1895 προβλήματα
437 1854 552 1888 ἀνίασιν,
571 1858 722 1883 ἐπισκοπεῖν
738 1857 803 1886 τίνες
820 1853 925 1891 ξύμφω-

131 1913 171 1930 νοι
189 1899 303 1938 ἀριθμοὶ
319 1911 362 1927 και
379 1900 445 1930 τίνες
466 1896 509 1930 οὔ,
531 1898 576 1925 καὶ
593 1896 635 1925 διὰ
652 1899 678 1925 τί
694 1896 816 1934 ἑκάτεροι.
852 1900 926 1924 Δαι-

130 1943 221 1995 μόνιον
237 1953 301 1981 γαρ,
320 1943 380 1978 ἔφη,
401 1939 511 1979 πρᾶγμα
528 1942 614 1978 λέγεις
658 1939 794 1977 Χρήσιμον
809 1941 857 1976 μὲν
874 1950 928 1971 ουν,

130 1998 161 2022 ην
178 1984 202 2013 6'
220 1983 282 2023 ἐγω,
304 1983 372 2021 πρὸς
392 1982 438 2018 τὴν
454 1982 503 2011 τοῦ
519 1982 601 2010 καλοῦ
618 1993 646 2010 τε
664 1982 707 2009 καὶ
726 1980 837 2020 ἀγαθοῦ
855 1980 927 2016 ζήτη-

132 2039 184 2061 σιν,
212 2026 293 2058 αλλως
318 2027 346 2054 δὲ
369 2023 593 2066 μεταδιωκόμενον
615 2023 753 2074 ἄχρηστον.
798 2022 876 2055 Εἲκός
895 2021 929 2061 7',

133 2071 188 2107 ἔφη
231 2075 298 2097 xl11.
326 2066 404 2106 Οἶμαι
430 2068 458 2096 δέ
477 2078 520 2105 γε,
546 2067 577 2103 ἦν
599 2065 623 2094 δ
645 2065 706 2104 ἐγώ,
730 2079 773 2094 και
794 2065 810 2101 ἦ
832 2064 930 2094 τούτων

133 2123 237 2141 παντων
257 2123 294 2139 ων
314 2109 503 2147 διεληλύθαμεν
522 2109 642 2146 μέθοδος
664 2109 709 2137 ἐὰν
732 2115 735 2129 ¹
757 2111 805 2146 μὲν
827 2108 869 2136 ἐπὶ
886 2107 931 2143 τὴν

135 2153 247 2190 ἀλλήλοιν
267 2154 402 2182 κοινωνίαν
424 2150 546 2188 ἀφίκηται
567 2152 611 2179 καὶ
628 2153 787 2190 ξυγγένειαν,
809 2163 853 2178 και
871 2152 929 2182 ξυλ-

135 2196 251 2235 λ’σγισθῇ
268 2195 360 2227 ταῦτα,
378 2195 395 2232 ᾑ
414 2197 483 2223 εστιν
501 2192 618 2228 αλλήλοις
633 2194 724 2226 οἶκεια,
742 2195 832 2246 φέρειν
843 2205 866 2220 τι
883 2204 930 2220 αυ-

134 2239 185 2268 τῶν
205 2238 242 2270 εἷς
263 2250 279 2266 α
303 2236 457 2275 βουλόμεθα
478 2236 524 2272 τὴν
544 2238 725 2285 πραγματείαν
741 2236 785 2264 καὶ
803 2233 849 2264 οὐκ
868 2233 931 2263 ἇνό-

135 2293 199 2318 νητα
219 2283 375 2312 πονεῖσθαι,
397 2279 420 2307 εἶ
442 2280 469 2307 δὲ
489 2277 533 2316 μή,
557 2276 677 2313 ἀνόνητα.
720 2278 776 2307 Καὶ
795 2277 855 2328 ἐγώ,
877 2278 932 2313 ἔφη,

137 2322 204 2353 οὕτω
219 2333 386 2361 μαντευομαι
410 2319 474 2348 αλλὰ
493 2319 644 2370 πᾴμπολυ’
636 2322 712 2371 ἔργον
729 2322 816 2359 λέγεις,
835 2332 855 2347 ω
872 2317 932 2347 Σώ-

137 2376 233 2404 κρατες.
278 2365 331 2393 Τοῦ
349 2364 497 2401 προοιμίου,
515 2363 547 2398 ἢν
564 2360 588 2390 6
606 2362 663 2401 ἐγώ,
681 2362 698 2398 ἢ
714 2365 784 2394 τίνος
801 2364 934 2400 λέγειςςη
923 2359 934 2368 ’“

139 2420 185 2437 ουκ
202 2410 284 2445 ἴσμεν,
303 2405 343 2435 ὅτι
360 2404 447 2434 πάντα
465 2404 548 2433 ταῦτα
566 2404 691 2442 προοίμιά
708 2409 777 2434 ἐστιν
792 2402 873 2432 αὗτου
888 2403 936 2432 τοῦ

139 2449 228 2488 νόμου,
247 2447 278 2478 ὃν
295 2450 334 2477 δεῖ
348 2451 462 2486 μαθεῖνς
489 2457 521 2475 ου
537 2445 589 2485 γάρ
606 2458 660 2476 που
678 2447 786 2476 δοκοῦσί
800 2449 831 2485 γε’
849 2458 892 2474 σοι
910 2446 936 2474 οἱ

140 2491 223 2521 ταῦτα
241 2497 245 2512 ¹
265 2491 343 2519 δεινοὶ
360 2490 512 2518 διαλεκτικοι
529 2487 600 2517 εἶναι.
635 2488 671 2518 Οὗ
686 2489 725 2527 μὰ
743 2489 789 2518 τὸν
807 2487 849 2516 Δί
853 2510 859 2521 ,
880 2489 935 2524 ἔφη,

141 2535 163 2563 εἰ
182 2533 218 2572 μὴ
233 2532 304 2571 μάλα
321 2535 351 2571 γέ
367 2543 432 2563 τινες
449 2530 533 2569 όλίγοι
550 2532 586 2559 ὢν
603 2531 653 2570 ἐγὼ
671 2531 829 2567 ἐντετύχηκα.
873 2528 934 2559 Λλλ

140 2575 196 2612 ήδη,
213 2573 294 2607 εἶπον,
312 2574 347 2612 μὴ
365 2575 470 2603 δυνατοί
485 2584 550 2605 τινες
568 2571 640 2605 ὄντες
651 2574 747 2616 δοῧναί
763 2585 791 2602 τε
808 2573 851 2601 καὶ
868 2571 935 2600 ἇπο-

143 2620 273 2650 δέξασθαι
290 2615 371 2658 λόγον
387 2617 513 2655 εἴσεσθαί
529 2617 594 2644 ποτέ
610 2628 634 2644 τι
651 2617 687 2644 ὠν
703 2618 789 2653 φαμὲν
806 2616 858 2643 δεῖν
872 2615 936 2643 εἶδέ-

237 2657 300 2688 Οὖδ’
322 2659 367 2692 αὖ,
390 2659 449 2695 ἐφη,
471 2656 551 2686 τουτό
572 2668 610 2695 γε.
637 2662 650 2675 *
675 2656 786 2691 Ουκοῦν,
809 2655 894 2689 εὗτον,
918 2668 938 2684 ω

145 2700 277 2733 Γλαυκων,
300 2711 377 2732 ουτος
392 2699 440 2736 η’δη
458 2698 537 2731 αὐτός
554 2711 624 2728 εστιν
641 2699 656 2729 6
673 2699 765 2738 νόμος,
785 2698 815 2728 ὃν
832 2699 862 2728 τὸ
881 2700 937 2726 δια-

1224 171 1287 197 VII.
1714 165 1764 191 355

967 254 1095 290 λέγεσθαι
1117 252 1242 288 περαίνεις
1269 248 1300 278 ὃν
1321 260 1365 277 και
1387 246 1449 276 ὅντα
1470 246 1564 281 νοητὸν
1584 242 1678 282 μιμοῖτ
1701 242 1732 272 ἂν
1748 242 1764 278 ἦ

968 294 1011 329 τῆς
1029 292 1115 330 ὀψεως
1132 292 1243 329 δύναμις,
1262 291 1292 326 ἣν
1310 293 1427 329 ἐλέγομεν
1441 289 1507 339 πρὸς
1523 287 1588 316 αὐτὰ
1603 286 1649 322 ήδη
1665 286 1698 315 τὰ
1713 286 1764 319 ζῶα

969 339 1103 373 ἐπιχειρεῖν
1121 333 1276 371 ἀποβλέπειν
1293 346 1335 361 και
1353 332 1420 370 πρὸς
1438 330 1504 360 αυτὰ
1523 329 1607 368 α’στρα
1622 340 1649 358 τε
1663 328 1708 357 καὶ
1721 339 1762 356 τε-

969 380 1088 406 λευταῖον
1106 376 1135 412 δὴ
1152 376 1219 414 πρὸς
1237 374 1317 404 αυτὸν
1333 374 1380 403 τὸν
1396 374 1474 409 ἥλιον.
1503 384 1569 401 ουτω
1587 373 1630 399 καὶ
1648 371 1712 400 ὅταν
1728 380 1766 401 τις

970 420 1004 456 τῷ
1023 420 1193 457 διαλέγεσθαι
1211 418 1335 455 ἐπιχειρῇ,
1356 415 1416 444 α’νευ
1432 415 1526 443 πασῶν
1542 414 1593 442 τῶν
1611 411 1765 448 αἰσθήσεων

971 462 1012 489 διὰ
1030 462 1078 490 τοῦ
1094 460 1175 499 λόγου
1193 458 1230 488 ἐπ’
1249 458 1312 487 αυτὸ
1332 458 1347 486 6
1367 460 1435 486 ἔστιν
1453 458 1562 485 ἕκαστον
1580 455 1675 493 ὁρμᾷ,
1674 455 1718 482 καὶ
1730 454 1765 491 μὴ

971 502 1089 541 ἇποστῇ,
1110 503 1172 540 πρὶν
1190 514 1222 529 αν
1239 500 1303 530 αὖτὸ
1323 500 1338 529 6
1357 502 1426 528 ἔστιν
1445 498 1553 537 ἀγαθὸν
1572 505 1575 518 ¹
1596 492 1661 534 αὗῖᾖ
1678 495 1765 531 νοήσει

970 545 1049 583 λάβη,
1078 543 1115 573 ἐπ’
1136 543 1204 581 αὐτῷ
1221 545 1336 581 γίγνεται
1353 542 1387 579 τῷ
1405 542 1452 570 τοῦ
1470 541 1564 576 νοητοῦ
1583 543 1656 571 τέλει,
1683 538 1766 575 ω’ςπερ

972 591 1066 618 ἐκεῖνος
1082 585 1141 615 τότε
1160 587 1202 614 ἐπὶ
1218 598 1254 622 τῳ
1271 585 1318 613 τοῦ
1336 584 1441 621 ὁρατοῦ.
1473 581 1636 610 Πανταπασι
1651 583 1698 619 μὲν
1713 581 1766 612 οὖν,

972 631 1026 666 ἔφη.
1072 630 1103 656 Τι’
1120 629 1178 661 οὐκ
1201 639 1232 656 ου
1250 626 1404 661 διαλεκτικὴν
1420 624 1515 660 ταύτην
1532 624 1578 660 τὴν
1594 625 1703 673 πορείαν
1719 635 1766 650 κα-

971 674 1034 704 λεῖςς
1063 673 1093 698 Τί
1108 669 1171 707 μήν,·
1195 668 1231 697 ‘H
1246 670 1274 697 δέ
1288 681 1330 707 γε,
1348 670 1379 704 ἠν
1397 666 1419 695 6
1438 666 1494 705 ἐγω,
1513 665 1584 698 λυσις
1601 678 1628 694 τε
1647 664 1699 693 ἀπὸ
1719 664 1769 693 τῶν

972 712 1073 750 δεσμῶν
1090 725 1133 739 και
1149 711 1318 749 μεταστροφὴ
1338 709 1391 738 ἀπὸ
1409 710 1460 738 τῶν
1478 721 1556 738 σκιων
1574 709 1615 736 ἐπὶ
1630 707 1661 736 τὰ
1677 708 1768 735 είδωλα

972 756 1016 784 καὶ
1037 754 1067 783 τὸ
1090 754 1145 791 φῶς
1165 755 1209 782 καὶ
1231 757 1256 781 ἐκ
1274 752 1322 781 τοῦ
1343 753 1481 790 καταγείου
1499 751 1535 782 εἶς
1552 750 1597 778 τὸν
1614 749 1685 785 ἥλιον
1703 748 1767 777 ἐπα-

972 798 1060 829 νοδος,
1083 797 1127 824 καὶ
1149 799 1200 824 ἐκεῖ
1219 795 1286 833 πρὸς
1302 797 1349 832 μὲν
1366 794 1398 822 τὰ
1418 793 1469 826 ζῶα
1486 805 1514 821 τε
1531 793 1574 821 καὶ
1592 791 1660 828 φυτὰ
1678 792 1721 819 καὶ
1739 790 1768 819 τὸ

973 839 1020 868 τοῦ
1037 838 1109 874 ἡλίου
1126 839 1182 874 φῶς
1199 836 1236 866 ἐπ
1259 835 1385 874 ἀδυναμίᾳ
1408 837 1518 872 βλέπειν,
1543 841 1546 855 ¹
1565 834 1633 871 πρὸς
1650 834 1676 861 δὲ
1693 833 1726 861 τὰ
1746 836 1770 860 ἐν

972 881 1050 910 ὕδασι
1075 877 1264 918 φαντάσματα,
1297 878 1415 907 ἐνταῦθα
1442 879 1469 906 δὲ
1478 876 1561 927 ,πρὸς
1586 887 1770 925 φαντασματα,

975 927 1039 952 θεῖα
1057 924 1100 951 καὶ
1118 922 1192 954 σκιὰς
1208 921 1260 950 τῶν
1278 920 1366 954 όντων,
1387 919 1438 948 αλλ
1456 918 1502 948 οὔκ
1520 917 1630 947 εἶδωλων
1648 917 1722 948 σκιὰς
1740 915 1768 944 δι

973 968 1061 1004 ἑτέρου
1078 976 1200 994 τοιουτου
1216 963 1304 1000 φωτὸς
1321 962 1355 995 ὥς
1368 962 1434 1000 πρὸς
1448 961 1519 998 η’λιον
1533 962 1625 998 κρίνειν
1640 958 1770 988 ἇποσκια-
1796 964 1798 968 “

974 1010 1086 1045 ζομένας,
1105 1024 1146 1028 —-
1163 1008 1239 1035 πᾶσα
1258 1018 1322 1041 αυτη
1340 1004 1353 1039 ἧ
1371 1005 1536 1043 πραγματεία
1553 1003 1604 1031 τῶν
1621 1001 1722 1038 τεχνῶν,
1742 1012 1773 1032 ας

975 1049 1128 1098 διήλθομεν,
1155 1048 1250 1084 ταύτην
1272 1060 1321 1084 εχει
1345 1047 1388 1096 τὴν
1410 1046 1529 1096 Mvaptvn
1538 1046 1581 1073 καὶ
1604 1048 1773 1097 επαναγιιηνην

974 1092 1021 1121 τοῦ
1044 1092 1178 1128 βελτίστου
1201 1094 1226 1118 ἐν
1247 1090 1319 1128 ψυχῇ
1336 1089 1403 1127 πρὸς
1420 1089 1465 1124 τὴν
1483 1088 1530 1116 τοῦ
1549 1086 1657 1124 ἀρίστου
1675 1090 1699 1114 ἐν
1717 1089 1773 1117 τοῖς

975 1130 1035 1163 οῧσι
1056 1136 1137 1166 θέαν,
1164 1133 1246 1170 ὥςπερ
1272 1132 1332 1160 τότε
1359 1131 1407 1160 τοῦ
1434 1129 1604 1167 σαφεστάτου
1626 1133 1651 1157 ἐν
1673 1140 1774 1165 σωματι

974 1176 1042 1226 πρὸς
1062 1175 1108 1211 τὴν
1128 1176 1175 1204 τοῦ
1197 1186 1350 1211 φανοτατου
1372 1177 1397 1201 ἐν
1419 1173 1453 1210 τῷ
1476 1173 1646 1209 σωματοειδεῖ
1664 1177 1667 1191 ¹
1686 1182 1714 1199 τε
1731 1183 1774 1198 και

1206 1216 1270 1256 Ἐγὼ
1291 1219 1348 1253 μέν,
1372 1217 1427 1252 ἔφη,
1451 1214 1613 1251 ἀποδέχομαι
1631 1213 1705 1242 ου’τω.
1732 1214 1776 1240 καί

975 1273 1017 1290 τοι
1037 1259 1194 1289 παντάπασί
1214 1262 1244 1298 γε’
1259 1271 1305 1296 μοι
1323 1259 1394 1287 δοκεῖ
1408 1257 1510 1293 χαλεπὰ
1527 1259 1574 1294 μὲν
1593 1254 1775 1290 αποδέχεσθαι

976 1303 1052 1336 εἶναι,
1081 1302 1159 1331 ἄλλον
1181 1300 1204 1330 δ
1228 1314 1260 1329 αυ
1282 1300 1382 1339 τρόπον
1400 1299 1503 1336 χαλεπὰ
1524 1298 1559 1336 μὴ
1584 1296 1773 1332 αποδὲχεσθαι.

976 1346 1046 1384 ὅμως
1067 1346 1094 1373 δὲ
1115 1361 1155 1366 -—
1178 1357 1209 1373 ου
1230 1344 1282 1386 γὰρ
1305 1347 1331 1371 ἐν
1352 1344 1388 1371 τώ
1404 1343 1449 1371 νῦν
1466 1340 1577 1379 παρόντι
1593 1339 1676 1378 μόνον
1694 1337 1774 1367 ἀκου-

977 1390 1052 1421 στέα,
1080 1385 1144 1415 αλλὰ
1171 1399 1215 1415 και
1237 1387 1319 1417 αυθις
1339 1384 1463 1416 πολλάκις
1485 1385 1617 1433 ἐπανιτέον
1633 1400 1674 1403 -
1692 1381 1775 1410 ταῦτα

977 1433 1069 1461 θέντες
1091 1430 1156 1465 {jem
1177 1428 1211 1460 ὦς
1231 1428 1276 1457 νῦν
1298 1430 1408 1477 λέγεται,
1432 1424 1470 1455 ἐπ’
1487 1424 1567 1454 αυτὸν
1585 1425 1615 1460 δὴ
1632 1424 1679 1453 τὸν
1695 1423 1777 1461 νόμον

977 1476 1061 1510 ἴωμεν,
1079 1484 1123 1500 και
1141 1472 1284 1508 διέλθωμεν
1302 1469 1390 1502 ουτως,
1409 1468 1491 1507 ὡςπερ
1506 1467 1537 1497 τὸ
1551 1469 1692 1515 προοίμιον
1706 1465 1774 1501 διηλ-

978 1519 1072 1552 θομεν.
1099 1516 1155 1552 λέγε
1177 1526 1235 1546 ουν,
1258 1514 1296 1544 τίς
1318 1511 1332 1541 6
1355 1510 1454 1550 τρόπος
1475 1511 1519 1546 τῆς
1541 1511 1588 1538 τοῦ
1607 1510 1777 1547 διαλέγεσθαι

978 1556 1118 1594 δυναμεως,
1137 1568 1180 1599 {aa
1200 1562 1203 1576 ¹
1222 1555 1289 1584 κατὰ
1306 1567 1372 1583 ποια
1391 1554 1420 1587 δὴ
1438 1554 1491 1588 ειδη
1510 1554 1634 1587 διέστηκε,
1652 1552 1695 1579 καὶ
1713 1552 1777 1581 τίνες

979 1600 1011 1628 αὖ
1030 1598 1093 1627 ὁδοί.
1121 1600 1197 1626 αυται
1211 1598 1266 1648 γὰρ
1285 1596 1318 1625 ἂν
1334 1596 1393 1632 ἤδη,
1416 1607 1450 1628 ως
1468 1597 1559 1627 ἔοικεν,
1583 1595 1611 1622 αἱ
1628 1593 1695 1631 πρὸς
1713 1591 1777 1621 αὐτὸ

979 1641 1093 1680 ἄγουσαι
1110 1639 1171 1674 εἶεν,
1195 1644 1219 1669 οἱ
1242 1639 1387 1677 αφικομένῳ
1406 1637 1488 1675 ὥςπερ
1507 1636 1570 1666 ὁδοῦ
1589 1634 1727 1664 ἀνάπαυλα
1746 1647 1778 1662 αν

977 1688 1015 1719 εἴη
1033 1685 1076 1712 καὶ
1093 1685 1166 1714 τέλος
1182 1682 1226 1718 τῆς
1242 1684 1357 1734 πορείας.
1404 1678 1500 1712 Οὖκέτ”,
1517 1680 1548 1714 ἢν
1567 1677 1590 1706 δ’
1608 1677 1665 1717 ἐγω,
1684 1678 1704 1706 ὦ
1721 1679 1778 1714 φίλε

979 1725 1113 1758 Γλαύκων,
1140 1723 1196 1756 οιός
1216 1722 1236 1753 τ’
1253 1728 1267 1743 *
1286 1725 1339 1753 ἔσει
1357 1722 1527 1752 ακολουθεῖν·
1557 1721 1611 1749 ἐπεὶ
1628 1719 1659 1748 τό
1676 1718 1699 1759 7'
1718 1719 1780 1770 εμόν

980 1767 1054 1798 ουδὲν
1076 1780 1108 1796 αν
1125 1769 1280 1805 προθυμίας
1298 1764 1434 1795 απολίποι
1463 1762 1519 1793 οὐδ’
1537 1761 1625 1792 εἰκόνα
1644 1775 1676 1790 αν
1693 1763 1729 1790 ἔτι
1747 1773 1779 1790 ου

979 1813 1086 1850 λέγομεν
1103 1811 1175 1842 ι’δοις,
1195 1807 1247 1837 ἀλλ’
1265 1807 1330 1837 αὐτὸ
1348 1808 1379 1836 τὸ
1386 1806 1505 1860 ἆληθές,
1525 1804 1541 1834 6
1556 1817 1586 1844 γε
1605 1803 1634 1840 δή
1651 1816 1697 1842 μοι
1715 1805 1777 1840 φαί-

979 1865 1056 1882 νεται,
1083 1852 1106 1881 εἶ
1123 1850 1148 1880 6
1166 1851 1246 1883 ὅντως
1262 1864 1277 1903 η
1294 1850 1341 1888 μή,
1365 1848 1444 1879 οὗκὲτ
1465 1848 1539 1881 α’ξιον
1556 1847 1634 1876 τοῦτο
1654 1847 1780 1887 διῖσχυρί-

980 1898 1086 1929 ζεσθαι·
1115 1892 1167 1922 ἀλλ’
1188 1893 1228 1922 ὅτι
1244 1896 1292 1931 μὲν
1313 1893 1343 1929 δὴ
1364 1890 1486 1921 τοιοῦτόν
1507 1903 1543 1923 τι,
1567 1890 1736 1927 ισχυριστέον.
1764 1901 1779 1923 η

979 1937 1044 1976 7029,-
1073 1939 1105 1965 Τί
1119 1935 1182 1974 μήν,·
1212 1934 1312 1965 Ουκοῦν
1328 1936 1372 1963 καὶ
1391 1934 1430 1963 ὅτι
1447 1933 1462 1969 ἦ
1480 1934 1527 1962 τοῦ
1546 1933 1717 1983 διαλέγεσθαι
1735 1930 1779 1958 δύ-

980 1990 1056 2018 ναμις
1074 1978 1141 2017 μόνη
1164 1991 1196 2007 αν
1216 1977 1318 2015 φήνειεν
1340 1979 1449 2015 ἐμπείρῳ
1472 1974 1527 2004 ι’)’ντι
1548 1986 1584 2003 ων
1600 1974 1646 2002 νῦν
1664 1973 1693 2009 δὴ
1711 1971 1779 2008 διηλ-

982 2026 1080 2060 θομεν,
1112 2020 1175 2058 α’λλῃ
1203 2022 1230 2049 δὲ
1256 2019 1358 2057 ουδαμῇ
1384 2017 1507 2051 δυνατόν,·
1537 2017 1594 2045 Και
1619 2014 1698 2048 τοῦτ,
1725 2016 1781 2051 ἔφη,

983 2064 1057 2097 α’ξιον
1078 2065 1292 2101 διϊσχυρίζεσθαι.
1338 2061 1404 2090 Τόδε
1425 2060 1503 2100 γοῦν,
1524 2055 1555 2095 ἦν
1573 2057 1596 2087 6
1615 2057 1676 2097 ἐγώ,
1700 2055 1783 2088 ουδεὶς

982 2119 1041 2145 ημιν
1064 2112 1068 2127 ¹
1092 2104 1276 2158 ἆμφιςβητήσει
1301 2107 1432 2143 λέγουσιν,
1460 2101 1494 2134 ὦς
1517 2100 1598 2130 αυτοῦ
1618 2111 1648 2139 γε
1670 2101 1783 2128 εκαστου

982 2161 1048 2187 περι,
1068 2147 1083 2177 6
1103 2149 1171 2176 ἔστιν
1189 2148 1306 2196 ἕκαστον,
1326 2144 1373 2175 οὔκ
1392 2144 1454 2181 ἄλλη
1471 2155 1509 2176 τις
1528 2146 1649 2181 ἐπιχειρεῖ
1664 2143 1784 2180 μέθοδος

984 2190 1036 2228 ὁδῷ
1053 2191 1112 2228 περὶ
1129 2189 1229 2221 παντὸς
1249 2188 1399 2226 λαμβάνειν·
1426 2185 1479 2216 αλλ’
1497 2187 1525 2214 αἳ
1540 2189 1587 2224 μὲν
1606 2184 1680 2213 α’λλαι
1697 2183 1782 2212 πᾶσαι

984 2236 1069 2269 τέχναι
1087 2231 1101 2268 ἢ
1119 2232 1186 2270 πρὸς
1204 2231 1283 2264 δόξας
1301 2229 1452 2268 ἀνθρωπων
1468 2230 1513 2257 καὶ
1530 2229 1672 2265 ἐπιθυμίας
1689 2227 1755 2255 εἶσιν
1768 2224 1784 2261 ἢ

984 2276 1050 2314 πρὸς
1066 2277 1178 2313 γενέσεις
1194 2286 1221 2302 τε
1239 2275 1283 2302 καὶ
1300 2275 1439 2304 συνθέσεις
1455 2270 1472 2308 ἢ
1488 2270 1555 2309 πρὸς
1571 2271 1720 2308 θεραπείαν
1734 2267 1785 2297 τῶν

985 2320 1119 2355 φυομένων
1136 2329 1163 2345 τε
1181 2317 1224 2344 καὶ
1242 2318 1434 2353 συντιθεμένων
1450 2325 1553 2342 απασαι
1567 2321 1737 2350 τετραφαται·
1757 2310 1785 2338 αἱ

986 2362 1012 2388 δὲ
1035 2361 1134 2392 λοιπαί,
1158 2358 1189 2390 α“ς
1209 2359 1257 2387 τοῦ
1280 2357 1356 2390 ὄντος
1377 2370 1402 2386 τι
1424 2358 1521 2410 ἔφαμεν
1548 2352 1784 2392 ἐπιλαμβάνεσθαι,

986 2403 1143 2441 γεωμετρίαν
1163 2413 1191 2429 τε
1212 2401 1256 2429 καὶ
1277 2400 1325 2432 τὰς
1344 2399 1426 2437 ταύτη
1445 2405 1449 2420 ¹
1469 2400 1608 2436 ἑτομένας,
1632 2395 1731 2434 ὁρῶμεν
1752 2393 1786 2425 ὦς

988 2443 1168 2482 ὀνειρωττουσι
1188 2446 1235 2481 μὲν
1256 2444 1315 2481 περὶ
1336 2442 1366 2471 τὸ
1390 2440 1432 2475 όν,
1453 2453 1525 2478 νπαρ
1543 2441 1571 2468 δὲ
1590 2438 1718 2467 αδύνατον
1737 2449 1783 2465 αυ-

987 2491 1044 2518 ταῖς
1062 2486 1135 2518 ἰδεῖν,
1159 2486 1204 2517 ἕως
1222 2498 1254 2514 αν
1269 2484 1421 2514 ὑποθέσεσι
1436 2494 1565 2521 χρωμεναι
1584 2491 1680 2511 ταυτας
1698 2477 1784 2513 ἇκινή-

988 2540 1049 2560 τους
1067 2528 1139 2560 ε’ὧσι,
1157 2527 1191 2565 μὴ
1210 2527 1347 2565 δυναμεναι
1364 2525 1445 2565 λόγον
1462 2525 1561 2554 διδόναι
1580 2522 1670 2552 αυτῶν.
1698 2522 1717 2559 ᾧ
1734 2520 1788 2571 γὰρ

990 2570 1055 2621 αρχὴ
1071 2573 1118 2607 μὲν
1137 2569 1151 2598 6
1167 2570 1203 2608 μὴ
1221 2568 1286 2603 οιδε,
1309 2567 1410 2603 τελευτῆς
1433 2569 1460 2596 δὲ
1481 2568 1525 2596 καὶ
1546 2566 1579 2595 τὰ
1596 2564 1693 2603 μεταξὺ
1711 2566 1738 2595 ἐξ
1755 2575 1787 2591 ου

987 2613 1022 2651 μὴ
1041 2611 1094 2641 οἶδε
1113 2615 1314 2650 συμπέπλεκται,
1335 2613 1374 2643 τίς
1393 2609 1494 2649 μηχανὴ
1515 2609 1560 2643 τὴν
1581 2618 1703 2641 τοιαυτην
1721 2604 1785 2642 ὁμο-

989 2657 1080 2693 λογίαν
1101 2657 1166 2683 ποτὲ
1189 2654 1329 2692 ἐπιστήμην
1348 2656 1489 2692 γενεσθαι,
1520 2650 1642 2687 Οὐδεμία,
1667 2649 1683 2684 ἠ
1705 2645 1730 2675 δ
1751 2646 1786 2678 ὅς

993 2698 1103 2730 Οὐκοῦν,
1121 2697 1152 2733 ἢν
1169 2695 1194 2725 δ’
1211 2696 1272 2736 ἐγώ,
1294 2695 1311 2732 ἧ
1329 2694 1469 2729 διαλεκτικὴ
1486 2694 1605 2731 μέθοδος
1621 2690 1687 2729 μόνη
1705 2701 1787 2726 ταυτῃ

1459 2746 1491 2767 45
1502 2743 1514 2755 ²

976 1218 1062 1257 ὁρατῷ
1083 1217 1164 1254 ἳόπῳ.

1805 1725 1840 1743 633
