1998 3084
38 250 56 271 0

20 1144 55 1163 28⁷

751 166 1049 193 SOPHISTA.

82 251 228 290 ζωγραφίαν
248 248 327 279 τοῦτο
349 247 379 277 τὸ
399 253 404 269 ¹
421 249 500 285 μέρος
517 247 572 275 εστὶ
588 247 632 275 καὶ
649 245 715 274 κατὰ
734 245 874 284 ξύμπασαν

80 291 224 342 μιμητικήτές
267 295 360 320 ΘΕΑΙ.
378 289 442 321 Πῶς
459 287 484 317 δ’
501 287 545 322 οὒ,-
587 294 635 317 ΞΕ
655 288 707 324 Τὴν
724 288 754 324 δὴ
770 287 872 338 φάντα-

82 348 135 374 σμα
162 333 214 362 ἀλλ’
240 331 285 362 οὐκ
311 331 398 360 εἰκόνα
426 329 633 369 ἀπεργαζομένην
657 333 746 366 τέχνην
772 328 811 368 ἀρ’
843 342 874 359 ον

81 375 255 415 φανταστικὴν
281 372 409 412 ὀρθότατ’
430 385 462 402 αν
487 372 736 412 προςαγορεύοιμενς
780 377 873 401 ΘΕΑΙ.

80 418 156 448 Πολυ
175 430 213 457 γε.
256 421 304 445 ΞΕ.
325 415 414 444 Τούτω
432 417 518 444 τοίνυν
535 415 570 443 τώ
589 414 635 444 δύο
654 416 743 453 ἔλεγον
759 415 813 450 εἴδη
830 413 875 450 τῆς

80 459 281 495 εἷδωλοποιικῆς,
311 457 457 493 εἰκαστικήν
483 458 526 485 καὶ
551 456 735 493 φανταστικην.
779 461 873 485 ΘΕΑΙ.

77 502 187 552 Ὀρθῶς.
230 506 279 530 ΞΕ
292 499 323 529 0
341 501 368 529 δέ
384 512 414 539 γε
431 500 475 527 καὶ
492 497 544 528 τότ’
560 497 731 538 ἠμφεγνόουν,
752 502 777 527 ἐν
793 500 872 527 ποτέ-

79 558 112 584 ρᾳ
133 544 179 574 τὸν
196 542 324 580 σοφιστὴν
345 545 452 592 θετέον,
476 539 536 570 οὐδὲ
553 542 598 569 νῦν
615 553 655 569 πω
675 540 784 578 δύναμαι
801 539 871 569 θεα-

80 590 186 617 σασθαι
203 584 301 622 σαφῶς,
321 583 374 613 αλλ’
392 583 471 615 ὅντως
490 590 494 604 ¹
513 583 673 621 θαυμαστὸς
679 581 751 635 ἀνὴρ
766 584 810 611 καὶ
824 595 871 611 κα-

78 631 154 659 τιδεῖν
170 627 350 666 παγχάλεπος,
374 627 428 655 ἐπεὶ
450 626 493 654 καὶ
510 625 555 654 νῦν
570 625 642 663 μαλα
660 626 688 653 εὖ
706 626 750 653 καὶ
766 624 874 662 κομψῶς

78 672 114 704 εἲς
128 670 229 708 α’πορον
243 667 311 701 εἶδος
325 667 546 719 διερευνήσασθαι
560 669 759 717 καταπέφευγει.
780 672 873 716 ΘΕΑΙ.

76 713 177 743 Εοικεν
221 716 269 741 ΞΕ.
292 709 340 749 Αρ
358 712 404 740 οὐν
423 709 486 739 αὐτὸ
504 721 654 749 γιγνωσκων
672 708 782 747 ξύμφης,
805 708 820 744 η’
844 721 873 737 σε

80 755 136 785 οἷον
157 754 222 794 ῥύμη
244 765 281 785 τις
301 752 353 782 ὑπὸ
376 753 424 782 τοῦ
446 752 527 791 λόγου
545 754 746 789 συνειθισμένον
764 763 871 780 συνεπε-

80 809 202 827 σπασατο
224 795 292 834 πρὸς
312 795 342 824 τὸ
365 795 430 831 ταχὺ
449 794 593 832 ξυμφῆσαι,
637 799 731 822 ΘΕΑΙ.
749 794 814 825 Πῶς
830 806 874 821 και

79 839 144 879 πρὸς
160 840 186 868 τί
201 839 279 867 τοῦτο
298 841 411 876 εἷ’ρηκαςς
454 843 546 865 XXIV
565 841 614 865 ΞΕ.
628 835 729 869 Ὄντως,
749 831 769 864 ῶ
785 835 871 874 μακά-

80 895 124 921 ριε,
143 883 218 919 ἐσμὲν
236 884 262 909 ἐν
278 879 433 909 παντάπασι
448 879 550 917 χαλεπῇ
568 881 664 916 σκέψει,
692 878 722 906 τὸ
740 878 792 916 γὰρ
809 880 871 914 φαί-

79 928 177 954 νεσθαι
196 929 200 944 ¹
218 922 296 951 τοῦτο
315 923 359 950 καὶ
375 922 405 951 τὸ
425 923 517 955 δοκεῖν,
535 920 599 950 εἶναι
618 922 645 949 δὲ
661 919 704 958 μή,
722 921 766 948 καὶ
782 920 813 949 τὸ
833 923 872 949 λε’-

79 979 132 1007 γειν
147 968 194 1004 μὲν
212 963 285 998 α’ττα,
305 963 392 1001 ἀληθῆ
411 965 439 993 δὲ
454 963 497 1001 μή,
515 976 602 992 παντα
620 962 704 991 rafim?
722 966 776 991 ἐστι
789 962 873 1000 μεστὰ

81 1008 191 1046 ἀπορίας
208 1005 249 1036 riez
267 1011 293 1035 ἐν
310 1007 345 1044 τῷ
362 1005 487 1045 πρόσθεν
501 1005 588 1044 χρόνῳ
606 1006 650 1033 καὶ
666 1017 719 1033 νυν.
738 1004 809 1036 ὅπως
822 1004 874 1043 γὰρ

80 1050 186 1080 εἰπόντα
200 1049 250 1087 χρὴ
267 1049 349 1087 ψευδῆ
366 1047 479 1088 λέγεινῆ
498 1047 612 1081 δοξάζειν
630 1046 711 1078 όντως
731 1052 808 1080 εἶναι,
831 1059 875 1075 και

80 1093 156 1123 τοῦτο
173 1091 359 1134 φθεγξαμενον
377 1092 552 1129 ἑναντιολογίᾳ
567 1089 602 1128 μὴ
618 1092 786 1125 συνέχεσθαι,
805 1102 871 1117 παν-

80 1147 200 1168 ταπασιν,
219 1136 239 1162 ὦ
258 1135 420 1169 Θεαίτητε,*
435 1132 558 1169 χαλεπόν
592 1137 686 1161 ΘΕΑΙ.
706 1133 737 1159 Τι’
790 1144 797 1165 ;
824 1136 873 1160 ΞΕ.

81 1177 238 1215 Τετόλμηκεν
255 1175 269 1205 5
288 1175 366 1215 λόγος
384 1177 461 1207 οὖτος
476 1174 640 1203 ὑποθέσθαι
657 1173 687 1202 τὸ
701 1173 737 1210 μὴ
753 1172 783 1202 ὂν
797 1172 872 1202 εἶναι·

79 1219 174 1259 ψεῧδος
194 1219 245 1258 γὰρ
268 1230 314 1247 ουκ
337 1217 369 1246 ἄν
391 1217 472 1249 ἄλλως
494 1218 616 1258 ἐγίγνετο
630 1215 667 1244 ὃν.
710 1217 875 1254 Παρμενίδης

80 1264 107 1291 δε
124 1261 138 1291 5
155 1264 246 1301 μέγας,
268 1261 290 1289 ὠ
306 1264 367 1293 παῖ,
389 1272 482 1289 παισιν
502 1258 563 1297 ἡμῖν
584 1259 659 1288 οὖσιν
681 1257 825 1300 αρχόμενός
846 1270 873 1287 τε

79 1305 122 1334 καὶ
139 1303 180 1332 διὰ
197 1306 285 1335 τέλους
302 1303 380 1332 τοῦτο
400 1301 608 1340 ἐπεμαρτύρατο,
627 1301 689 1339 πεζῆ
706 1313 733 1329 τε
749 1296 823 1329 ῶδε
813 1299 872 1329 ἑκά-

80 1359 156 1376 ποτε
180 1349 260 1385 λέγων
284 1347 328 1374 καὶ
352 1345 418 1383 μετὰ
443 1347 552 1383 μέτρων·
585 1342 621 1373 οὗ
645 1342 705 1382 γὰρ
730 1342 770 1381 μή
796 1355 874 1372 ποτε

79 1386 163 1419 τοῦτ’
181 1387 315 1426 ουδαμῇ,
337 1389 445 1424 φησίν,
468 1391 550 1416 εἶναι
565 1385 605 1424 μὴ
624 1384 712 1415 ὄντα·
740 1384 818 1414 ἀλλὰ
836 1385 874 1414 σὺ

78 1429 159 1468 τῆςδ,
186 1428 238 1467 ἀφ’
264 1429 341 1459 ὄδοῦ
367 1429 530 1467 διζημενος
555 1440 640 1467 ειργε
666 1427 774 1464 νόημα.
809 1426 872 1466 παρ’

81 1475 174 1523 ἐκείνοιν
191 1485 217 1502 τε
237 1485 283 1501 ουν
299 1476 474 1523 μαρτυρεῖται,
493 1472 537 1500 καὶ
555 1477 559 1492 ¹
576 1469 692 1508 μαλιστα
708 1483 738 1509 γε
756 1470 787 1506 δὴ
804 1470 871 1499 πάν-

79 1528 128 1546 των
149 1515 164 1545 5
184 1514 265 1557 λόγος
286 1514 364 1547 αὐτὸς
386 1513 418 1543 ἄν
440 1513 560 1550 δηλώσειε
580 1515 670 1551 μέτρια
693 1513 873 1550 βασανισθείς.

78 1556 145 1588 τοῦτ
162 1559 208 1587 οὐν
226 1555 290 1586 αὐτὸ
308 1557 414 1595 πρῶτον
430 1555 608 1610 θεασώμεθα,
627 1556 650 1584 εἰ
667 1554 702 1592 μή
717 1557 742 1584 τί
756 1567 801 1584 σοι
816 1556 871 1583 δια-

78 1603 154 1640 φέρει.
198 1605 292 1629 ΘΕΑΙ.
315 1599 352 1628 Τὸ
373 1602 420 1637 μὲν
442 1598 504 1637 ἐμὸν
521 1598 575 1636 ὅπῃ
593 1597 679 1634 βούλει
696 1599 805 1630 τίθεσο,
828 1597 875 1626 τὸν

79 1644 106 1672 δὲ
126 1642 217 1683 λόγον,
238 1643 255 1680 ,ἡ
278 1643 395 1679 βέλτιστα
418 1643 530 1674 διεξεισι,
555 1640 662 1670 σκοπῶν
683 1638 762 1672 αὐτός
782 1652 809 1669 τε
832 1643 874 1668 ι’θι

78 1684 142 1724 καμέ
162 1684 228 1714 κατὰ
250 1684 346 1721 ταύτην
366 1683 412 1720 τὴν
438 1682 501 1713 ὁδὸν
527 1682 582 1722 α’γε.
625 1688 706 1711 XXV.
728 1688 776 1712 ΞΕ.
798 1682 873 1711 Λλλὰ

77 1727 125 1767 χρὴ
147 1727 211 1766 δραν
232 1727 322 1756 ταῦτα.
348 1728 393 1755 καί
411 1739 457 1764 μοι
479 1729 546 1765 λέγε·
569 1725 600 1754 τὸ
621 1724 779 1764 μηδαμῶς
763 1737 794 1754 ον
811 1728 871 1754 τολ-

77 1770 162 1821 μῶμέν
178 1782 231 1799 που
248 1771 436 1808 φθέγγεσθαις
481 1773 575 1797 ΘΕΑΙ.
594 1768 658 1800 Πῶς
673 1767 726 1807 γὰρ
744 1766 789 1801 ου’,-
825 1772 873 1795 ΞΕ.

79 1812 127 1849 Μὴ
143 1814 229 1841 τοίνυν
246 1812 355 1850 ἔριδος*
346 1823 417 1840 ενεκα
433 1812 498 1850 μηδὲ
514 1810 632 1843 παιδιᾶς,
656 1808 709 1838 ἀλλ
729 1810 752 1838 εἶ
770 1810 874 1847 σπουδῇ

80 1856 131 1884 δέοι
148 1853 328 1890 συννοήσαντα
347 1861 352 1875 ¹
370 1867 427 1883 τινα
447 1852 643 1890 ἀποφήνασθαι
660 1852 712 1882 τῶν
730 1851 873 1890 ἀκροατῶν,

78 1901 126 1927 ποῖ
139 1897 189 1935 χρὴ
206 1895 310 1934 τοῦνομ’
327 1899 454 1934 ἐπιφέρειν
470 1896 549 1925 τοῦτο
568 1895 598 1924 τὸ
617 1895 651 1934 μὴ
671 1894 712 1927 ὅν,
737 1896 762 1924 τί
779 1895 872 1924 δοκοῦ-

77 1951 124 1978 μεν
145 1938 176 1968 ἂν
196 1939 233 1971 εἷς
249 1941 275 1968 τί
290 1939 334 1967 καὶ
352 1940 394 1967 ἐπὶ
410 1942 490 1967 ποῖον
508 1937 588 1967 αὐτόν
604 1950 632 1967 τε
650 1936 874 1975 καταχρήσασθαι

79 1982 121 2010 καὶ
137 1981 172 2020 τῷ
186 1984 376 2019 πυνθανομένῳ
392 1980 530 2014 δεικνύναι,
563 1985 656 2009 ΘΕΑΙ.
672 1978 820 2008 Χαλεπὸν’
810 1979 875 2017 η’ρου

79 2024 122 2052 και
147 2023 240 2060 σχεδὸν
266 2023 347 2052 εἰπεῖν
374 2025 419 2052 οἵω
440 2035 470 2062 γε
493 2024 550 2061 ἐμοὶ
571 2021 742 2051 παντάπασιν
764 2021 874 2060 ἄπορον.

79 2070 128 2096 ΞΕ.
147 2065 210 2096 Ἀλλ
230 2078 276 2095 ουν
297 2065 377 2095 τοῦτο’
398 2078 427 2105 γε
450 2066 538 2102 δῆλον,
562 2065 602 2094 ότι
623 2064 674 2094 τῶν
693 2063 774 2093 όντων
793 2067 836 2093 ἐπί
851 2077 875 2093 τι

79 2108 110 2138 ’τὸ
129 2108 164 2147 μὴ
188 2107 219 2138 ὅν
241 2107 287 2137 ofin
310 2109 420 2137 οἰστέον.
464 2113 558 2137 ΘΕΑΙ.
581 2107 646 2139 Πῶς
665 2106 717 2146 γὰρ
737 2106 781 2141 α’ν;
826 2113 873 2135 ΞΕ.

83 2149 180 2180 Οὖκαῧν
198 2152 300 2189 ἐπείπερ
319 2149 365 2179 οὐκ
384 2151 426 2179 ἐπὶ
442 2150 473 2180 τὸ
496 2149 539 2183 ὂν,
563 2148 619 2179 οὐδ
640 2150 682 2178 ἐπὶ
699 2149 729 2178 τὸ
748 2162 773 2178 τι
790 2152 875 2187 φέρων

80 2191 169 2231 ὀρθῶς
191 2192 224 2221 α’ν
244 2204 282 2225 τις
302 2195 383 2231 φέροι.
428 2198 522 2221 ΘΕΑΙ.
544 2192 609 2224 Πῶς
631 2191 674 2227 δή,-
707 2198 711 2212 ·
744 2197 792 2220 ΞΕ
818 2193 874 2219 Και

79 2233 156 2264 τοῦθ’
171 2234 231 2273 ἡμῖν
247 2247 301 2264 που
317 2234 439 2273 φανερόν,
458 2234 492 2267 ῶς
509 2247 552 2263 και
570 2235 599 2263 τὸ
616 2235 641 2262 τὶ
654 2234 733 2263 τοῦτο
750 2234 818 2273 ῥῆμα
835 2233 871 2262 ἐπ’

80 2275 133 2306 ὄντι
149 2279 255 2317 λέγομεν
271 2277 406 2306 ἑκαστοτε
433 2277 515 2315 μόνον
531 2277 583 2316 γὰρ
602 2275 665 2305 αὐτὸ
684 2279 772 2315 λέγειν,
791 2275 873 2314 ὥςπερ

78 2319 174 2358 γυμνὸν
194 2320 238 2348 καὶ
243 2317 462 2362 ἆπηρημωμένον
485 2318 537 2348 ἀπὸ
561 2318 611 2348 τῶν
638 2318 720 2348 ὄντων
744 2317 873 2351 ἆπαντων,

79 2359 213 2391 ἆδύνατον.
238 2361 335 2401 ἦγοὲρς
379 2367 473 2391 ΘΕΑΙ.
490 2361 637 2391 Λδύνατον.
680 2366 729 2390 ΞΕ.
747 2362 808 2413 Ἀρα
826 2361 871 2413 7ιῆ-

79 2404 106 2433 δε
123 2403 228 2433 σκοπῶν
245 2404 353 2443 ξύμφῃς,
372 2403 406 2436 ῶς
424 2402 523 2443 ἀνάγκη
540 2403 586 2432 τόν
604 2416 628 2432 τι
642 2405 776 2442 λέγοντα“
767 2404 792 2432 ἐν
806 2406 836 2442 γε’
850 2416 873 2432 τι

78 2448 169 2485 λέγεινς
213 2451 306 2475 ΘΕΑΙ.
333 2445 425 2478 Οὕτως.
469 2452 518 2475 ΞΕ.
538 2445 610 2478 ζΕνὸς
630 2445 682 2485 γὰρ
705 2445 735 2482 δὴ
752 2445 785 2474 τό
801 2458 831 2484 γε
849 2447 873 2474 τὶ

78 2487 167 2525 φήσεις
188 2501 295 2527 σημειον
315 2493 392 2522 εἶναι,
419 2488 449 2517 τὸ
473 2490 499 2517 δὲ
521 2490 573 2517 τινὲ
595 2489 678 2521 δυοῖν,
705 2488 736 2517 τὸ
760 2489 786 2516 δὲ
809 2490 874 2520 τινὲς

78 2531 186 2559 πολλῶν.
230 2536 323 2560 ΘΕΑΙ.
341 2531 405 2563 Πῶς
421 2531 473 2570 γὰρ
492 2529 536 2564 οὓς
565 2536 569 2551 ¹
597 2535 645 2559 ΞΕ.
670 2530 723 2559 Τὸν
745 2532 772 2559 δὲ
790 2530 819 2566 δὴ
836 2530 871 2567 μὴ

77 2573 104 2602 τὶ
117 2575 225 2612 λέγοντα
244 2571 458 2612 ἀναγκαιότατον,
477 2571 511 2605 ῶς
529 2574 605 2606 ἒόικε,
623 2585 778 2601 πανταπασι
794 2574 873 2622 μηδὲν

133 2627 162 2643 ιν.
206 2620 299 2644 ΘΕΑΙ.
325 2615 545 2655 Λναγκαιότατον
569 2617 616 2653 μὲν
642 2616 696 2644 οὖν.
744 2620 793 2644 ΞΕ.
821 2613 869 2652 Ἆρ’

77 2668 125 2686 ουν
145 2655 205 2686 οὐδὲ
225 2657 304 2687 τοῦτο
327 2661 517 2697 συγχωρητέον,
542 2657 572 2686 τὸ
591 2657 637 2686 τὸν
654 2656 775 2686 τοιοῦτον
792 2660 872 2695 λέγειν

75 2701 122 2737 μέν
138 2699 198 2738 [τι],
216 2701 296 2738 λέγειν
311 2703 398 2738 μέντοι
414 2701 499 2739 μηδέν,
520 2697 572 2727 ἀλλ’
591 2698 650 2728 οὐδὲ
667 2702 747 2738 λέγειν
765 2702 870 2736 φατέον,

1689 164 1721 191 83

925 245 954 278 ὅς
974 244 997 284 γ’
1020 245 1052 274 ἂν
1069 245 1181 283 ἐπιχειρῇ
1198 244 1233 282 μὴ
1251 258 1282 274 ον
1298 248 1486 284 φθέγγεσθαις
1530 249 1624 272 ΘΕΑΙ.
1643 246 1722 274 Τέλος

923 288 989 326 γοῦν
1007 287 1040 317 ἂν
1058 286 1170 340 ἀπορίας
1188 288 1201 316 5
1221 287 1325 329 λόγος’
1318 290 1378 323 ε’χοι.
1422 293 1514 315 XXV-I
1533 290 1545 304 *
1563 291 1612 315 ΞΕ.
1631 285 1720 321 Μηπω

923 328 977 369 μέγ’
994 334 1077 368 εἴπῃς
1106 331 1141 359 ε’τι
1161 329 1225 369 γάρ,
1248 330 1268 358 ὦ
1288 342 1410 367 μακαριε,
1435 331 1499 361 ἔστι,
1522 329 1566 356 καὶ
1587 327 1670 356 ταῦτα
1691 339 1720 365 γε

924 373 976 401 τῶν
996 370 1115 421 ἀποριῶν
1136 371 1151 407 ἡ
1171 374 1279 414 μεγίστη
1301 385 1345 400 και
1366 371 1461 409 πρώτη.
1488 371 1546 408 περὶ
1567 370 1619 409 γὰρ
1643 368 1721 404 αὐτὴν

926 413 1007 443 αὐτοῦ
1029 415 1074 450 τὴν
1097 412 1178 452 ἀρχὴν
1199 427 1267 442 ουσα
1289 414 1416 453 τυγχαιει.
1460 419 1553 442 ΘΕΑΙ.
1576 412 1641 444 Πῶς
1657 423 1720 449 φῃςς

924 459 980 495 λέγε
1006 469 1050 484 και
1073 458 1152 493 μηδὲν
1179 455 1336 493 αποκνήσῃς.
1380 462 1427 485 ΞΕ.
1457 462 1498 493 Τῳ
1523 458 1570 493 μὲν
1592 454 1648 483 ὄντι
1668 466 1721 483 που

924 497 1082 548 προςγένοιτ
1108 498 1140 526 ἂν
1165 511 1189 526 τι
1215 498 1266 526 τῶν
1292 498 1375 526 ὄντων
1401 499 1493 535 ἕτερον.
1538 503 1631 526 ΘΕΑΙ.
1657 496 1722 528 Πῶς

924 541 975 579 γὰρ
1003 553 1047 574 ου,-
1091 545 1139 568 ΞΕ.
1165 540 1214 575 Μὴ
1237 539 1292 568 ὄντι
1314 541 1341 568 δέ
1362 553 1386 568 τι
1407 541 1457 568 τῶν
1479 553 1509 568 οι
1513 552 1561 568 των
1583 535 1634 577 ἆρά
1656 551 1720 567 ποτε

924 584 1132 621 προςγίγνεσθαι
1153 594 1271 619 φησομεν
1294 582 1403 610 δυνατὸν
1429 581 1505 615 εἷναι;
1550 587 1643 609 ΘΕΑΙ.
1666 582 1722 609 Καὶ

924 625 993 658 πῶς,·
1037 630 1085 653 ΞΕ.
1103 624 1232 661 ,Ἀριθμὸν
1250 624 1279 659 δὴ
1298 624 1344 652 τὸν
1361 623 1496 661 ξύμπαντα
1515 624 1565 652 τῶν
1584 623 1664 652 ὄντων
1682 625 1718 651 τί-

925 671 1015 704 θεμεν.
1060 672 1152 694 ΘΕΑΙ.
1172 670 1276 703 ΕῖπερΙ
1295 678 1324 704 γε
1342 679 1385 693 και
1404 666 1466 694 ἄλλο
1485 678 1508 694 τι
1523 668 1619 694 θετέοι
1634 677 1668 696 υς
1683 665 1719 694 ὅν.

925 714 973 738 ΞΕ.
996 708 1045 744 Μὴ
1066 710 1152 737 τοίιυν
1172 707 1232 745 μηδ
1251 708 1415 745 ἐπιχειρῶμεν
1438 707 1557 745 αριθμοῦ
1573 707 1635 744 μήτε
1654 708 1718 743 πλῆ-

925 756 979 783 θος
998 763 1061 788 μητε
1083 750 1113 779 τὸ
1138 751 1163 778 ἓν
1184 750 1251 788 πρὸς
1272 750 1302 778 τὸ
1321 763 1357 801 μη
1377 750 1407 778 51¹
1424 762 1488 787 προ
1480 753 1582 787 φέρειν.
1627 755 1720 777 ΘΕΑΙ.

928 793 1027 822 Ουκουν
1045 791 1077 820 ἂν
1095 791 1187 830 ὀρθῶς
1203 805 1240 830 γε,
1260 791 1294 823 ὡς
1312 794 1399 833 ἔοικεν,
1420 796 1600 829 ἐπιχειροῖμεν,
1619 791 1653 822 ὥς
1670 804 1719 827 φη-

925 849 967 864 σιν
989 834 1003 864 5
1026 834 1112 873 λόγος
1156 840 1204 862 ΞΕ.
1226 834 1291 866 Πῶς
1314 835 1360 863 οὖν
1382 847 1415 862 αν
1431 833 1446 869 ἢ
1465 834 1507 862 διιὶ
1525 834 1572 862 τοῦ
1591 833 1722 871 στόματος

924 876 1062 916 φθέγξαιτ
1086 889 1117 905 αν
1138 888 1176 908 τις
1192 876 1208 912 ἢ
1225 889 1269 904 και
1286 876 1318 914 τῇ
1336 878 1436 912 διανοίᾳ
1454 876 1483 905 τὸ
1502 888 1630 913 παραπαν
1647 875 1723 912 λάβοι

924 920 957 949 τὰ
974 920 1009 958 μὴ
1028 919 1091 948 ὄντα
1108 918 1124 955 ἢ
1142 919 1171 947 τὸ
1189 918 1224 956 μὴ
1243 918 1273 947 ὂν
1287 930 1367 957 χωρις
1385 918 1517 956 ἀριθμοῦς
1551 923 1644 946 ΘΕΑΙ.
1660 916 1719 955 Λέγ

925 962 985 1000 ὅπῃ.
1019 966 1067 991 ΞΕ.
1086 961 1134 997 Μὴ
1153 960 1216 990 ὄντα
1233 964 1280 999 μὲν
1298 961 1401 989 ἐπειδαν
1415 964 1533 999 λέγωμεν,
1554 959 1592 998 οἷρ
1610 958 1642 988 οὗ
1656 960 1720 995 πλῆ-

925 1009 980 1036 θος
997 1004 1173 1042 ἐπιχειροῦμεν
1191 1002 1310 1044 ἀριθμοῦ
1330 1010 1334 1024 ¹
1340 1006 1536 1052 προςτιθέναις
1581 1007 1674 1031 ΘΕΑΙ
1692 1004 1723 1029 Τι’

923 1047 986 1085 μήνς
1023 1051 1071 1075 ΞΕ.
1091 1045 1172 1082 Μὴ”
1158 1058 1188 1074 ον
1206 1047 1240 1079 δέ,
1260 1044 1299 1083 ἀρ’
1317 1044 1348 1074 οὐ
1367 1046 1396 1074 τὸ
1417 1046 1442 1073 ἓν
1461 1046 1506 1079 αὐς
1551 1050 1645 1073 ΘΕΑΙ.
1663 1049 1720 1072 Σα-

924 1088 1042 1126 φέστατα
1062 1100 1100 1127 γε.
1144 1094 1192 1117 ΞΕ.
1214 1089 1271 1116 Καὶ
1290 1088 1341 1125 μὴν
1363 1087 1422 1116 οὔτε
1441 1086 1540 1116 δίκαιόν
1557 1099 1586 1125 γε
1605 1085 1657 1115 ουτ’
1675 1085 1720 1123 ὀρ-

925 1131 981 1160 θον
1011 1142 1097 1168 φαμεν
1128 1129 1159 1159 ὂν
1191 1134 1324 1167 ἐπιχειρεῖν
1353 1130 1388 1168 μὴ
1421 1129 1476 1158 ὄντι
1511 1128 1722 1170 προςαρμόττειν.

925 1179 1019 1203 ΘΕΑΙ.
1042 1175 1133 1211 Λέγεις
1159 1171 1338 1208 ἀληθέστατα.
1382 1177 1430 1201 ΞΕ.
1456 1175 1579 1203 Συννοεῖς
1605 1184 1662 1204 ουν,
1690 1170 1724 1202 ὦς

925 1215 984 1245 ου’τε
1010 1218 1190 1264 φθέγξασθαι
1217 1214 1327 1243 δυνατὸν
1353 1213 1446 1253 ὀρθῶς
1472 1212 1525 1243 οὔτ
1550 1214 1632 1242 εἰπεῖν
1663 1225 1722 1242 ουτε

924 1258 1099 1294 διανοηθῆναι
1125 1257 1155 1286 τὸ
1181 1257 1216 1295 μὴ
1243 1256 1274 1286 ὂν
1301 1255 1365 1286 αὗτὸ
1392 1255 1456 1285 καθ’
1479 1255 1551 1289 αὗτό,
1580 1255 1632 1284 ἀλλ’
1655 1257 1723 1284 ἐστιν

925 1300 1081 1336 ἆδιανόητόν
1102 1312 1129 1328 τε
1151 1300 1195 1328 καὶ
1217 1299 1330 1338 ἄρρητον
1351 1312 1394 1328 και
1417 1298 1603 1350 ἄφθεγκτον
1593 1311 1636 1326 και
1659 1297 1721 1326 α’λο-

923 1356 984 1382 γονς
1029 1348 1123 1371 ΘΕΑΙ.
1149 1342 1314 1371 Παντάπασι
1338 1345 1386 1380 μὲν
1416 1354 1470 1370 ουν.
1514 1347 1564 1370 ΞΕ.
1596 1339 1645 1379 Λρ
1677 1353 1723 1369 ουν

925 1384 1074 1423 ἐψευσαμην
1097 1391 1101 1406 ¹
1126 1383 1184 1422 α’ρτι
1205 1387 1285 1423 λέγων
1306 1384 1352 1420 τὴν
1362 1386 1495 1436 μεγίστην
1517 1382 1631 1421 ἀπορίαν
1658 1387 1723 1421 ἐρεῖν

925 1427 1007 1457 αὖτοῦ
1024 1430 1094 1465 πέρι;
1139 1432 1234 1456 ΘΕΑΙ.
1254 1429 1286 1455 Τί
1303 1428 1369 1461 δέ,·’
1361 1428 1397 1455 ε’τι
1412 1429 1488 1464 μείζω
1505 1426 1562 1475 τινὰ
1580 1428 1660 1464 λέγειν
1675 1424 1720 1453 ἅλ-

924 1473 969 1506 λην
987 1472 1090 1507 ἔχομενς
1126 1474 1175 1499 ΞΕ.
1195 1472 1227 1497 Τί
1244 1471 1277 1502 δέ,
1297 1470 1316 1498 ὠ
1335 1469 1484 1523 θαυμασιες
1503 1467 1549 1497 οὐκ
1565 1471 1659 1499 ἐννοεῖς
1674 1466 1721 1496 αὐ-

924 1516 980 1545 τοῖς
1000 1516 1056 1544 τοῖς
1077 1515 1222 1548 λεχθεῖσιν,
1246 1511 1287 1540 ὅτι
1307 1524 1351 1540 και
1373 1512 1420 1540 τὸν
1441 1514 1576 1550 ελέγχοντα
1599 1510 1635 1542 εἷς
1653 1522 1721 1539 απο-

924 1557 982 1593 ρίαν
1003 1556 1150 1590 καθίστησι
1166 1554 1197 1583 τὸ
1214 1554 1251 1592 μὴ
1269 1553 1300 1583 ὂν
1322 1553 1414 1587 οὕτως,
1437 1553 1511 1587 ῶςτε,
1535 1552 1636 1582 ὁπόταν
1659 1551 1722 1581 αὐτὸ

925 1597 1039 1635 ἐπιχειρῇ
1060 1608 1097 1628 τις
1119 1599 1237 1635 ἐλέγχειν,
1261 1598 1362 1625 ἐναντία
1382 1595 1461 1625 αὐτὸν
1479 1595 1548 1634 αὖτῷ
1565 1596 1624 1633 περὶ
1643 1598 1722 1623 ἐκεῖνο

925 1638 1125 1679 αναγκαζεσθαι
1142 1642 1234 1678 λέγεινς
1271 1644 1364 1667 ΘΕΑΙ.
1383 1639 1447 1671 Πῶς
1464 1638 1527 1676 φῄςς
1545 1638 1601 1666 εἶπέ
1621 1639 1655 1666 ἐτι
1671 1650 1721 1666 σα-

924 1685 1058 1720 φέστερον.
1094 1686 1142 1711 ΞΕ.
1164 1680 1244 1710 Οὐδὲν
1262 1683 1300 1710 δεῖ
1316 1681 1346 1710 τὸ
1367 1684 1534 1733 σαφέστερον
1545 1684 1571 1709 ἐν
1586 1681 1643 1717 ἐμοὶ
1658 1692 1721 1708 σκο-

923 1729 990 1753 πεῖν
1018 1724 1067 1763 ἐγώ
1087 1727 1135 1762 μὲν
1155 1724 1207 1762 γὰρ
1231 1730 1234 1745 ¹
1257 1723 1426 1776 ’ὑποθέμενος
1444 1735 1503 1752 ουτε
1521 1722 1578 1754 ἑνὸς
1596 1734 1655 1751 ουτε
1673 1723 1724 1750 τῶν

923 1767 1027 1796 πολλῶν
1044 1766 1074 1795 τὸ
1091 1766 1126 1804 μὴ
1145 1766 1176 1795 ὂν
1193 1767 1246 1794 δεῖν
1261 1769 1382 1804 μετέχειν,
1402 1765 1459 1804 ὂῖρτι
1477 1778 1504 1794 τε
1522 1778 1566 1793 και
1583 1765 1628 1793 νῦν
1643 1764 1724 1796 ου’τως

925 1810 951 1838 ἓν
966 1808 1030 1838 αὐτὸ
1046 1812 1146 1847 εἴρηκα·
1165 1808 1195 1837 τὸ
1210 1808 1246 1846 μὴ
1262 1808 1292 1837 ὂν
1305 1808 1357 1847 γὰρ
1372 1810 1444 1845 φημί.
1467 1810 1551 1844 ξυνίης
1565 1820 1601 1841 τις
1629 1812 1722 1835 ΘΕΑΙ.

927 1854 991 1880 Ναί.
1039 1856 1087 1881 ΞΕ.
1120 1852 1176 1879 Καὶ
1205 1851 1256 1888 μὴν
1289 1846 1322 1879 αὖ
1353 1852 1397 1879 καὶ
1429 1850 1537 1888 σμικρὸν
1569 1851 1724 1887 ἔμπροσθεν

925 1892 1081 1933 ἅφθεγκτόν
1102 1906 1129 1922 τε
1152 1891 1216 1922 αὐτὸ
1235 1894 1278 1922 καὶ
1297 1893 1410 1932 ἇῤῥητον
1427 1894 1470 1921 καὶ
1489 1892 1587 1931 ἄλογον
1607 1893 1669 1928 ἔφην
1686 1890 1721 1919 εἷ-

924 1949 974 1966 ναι.
1002 1938 1114 1969 ξυνέπεις
1158 1941 1253 1964 ΘΕΑΙ.
1276 1937 1424 1973 Ξυνέπομαί
1444 1947 1506 1967 πως.
1550 1940 1598 1963 ΞΕ.
1625 1933 1724 1963 Οὐκοῦν

924 1979 956 2008 τό
981 1991 1011 2018 γε
1037 1977 1102 2007 εἶναι
1128 1977 1287 2016 προςιίπτειν
1312 1977 1469 2016 πειρώμενος
1495 1979 1597 2005 ἐναντία
1629 1980 1685 2008 τοῖς
1711 1981 1723 1994 *

924 2021 1050 2060 πρόσθεν
1068 2022 1168 2059 ἔλεγονς
1213 2026 1308 2049 ΘΕΑΙ.
1330 2022 1425 2049 Φαίνει,
1470 2026 1517 2048 ΞΕ.
1538 2022 1570 2048 Τι’
1586 2021 1625 2053 δέ;
1644 2019 1722 2047 τοῦτο

924 2063 1082 2101 προςιὶπτων
1100 2062 1148 2098 οὐχ
1165 2062 1200 2095 ῶς
1217 2064 1254 2091 ἑνὶ
1271 2063 1431 2101 διελεγόμηνς
1465 2068 1558 2091 ΘΕΑΙ.
1580 2063 1642 2089 Ναί.
1674 2067 1723 2090 ΞΕ.

925 2108 980 2134 Καὶ
996 2106 1046 2144 μὴν
1065 2104 1163 2144 ἄλογόν
1180 2118 1207 2134 τε
1225 2108 1305 2144 λέγων
1321 2106 1365 2134 καὶ
1383 2104 1497 2144 ἇῤῥητον
1510 2105 1555 2133 καὶ
1570 2103 1725 2142 ἄφθεγκτον

925 2148 960 2180 ῶς
975 2161 1006 2187 γε
1023 2148 1091 2186 πρὸς
1108 2148 1135 2176 ἓν
1151 2147 1198 2176 τὸν
1214 2147 1295 2186 λόγον
1313 2147 1461 2185 ἐποιούμην.
1505 2152 1600 2176 ΘΕΑΙ.
1618 2146 1683 2178 Πῶς
1698 2144 1722 2173 δ)

926 2190 971 2225 οὗ,
1016 2196 1064 2220 ΞΕ.
1090 2192 1180 2228 Φαμὲν
1201 2191 1228 2218 δε
1248 2202 1278 2229 γε
1300 2191 1364 2223 δεῖν,
1386 2193 1458 2227 εἰπερ
1481 2188 1574 2227 ὀρθῶς
1594 2200 1631 2220 τις
1651 2191 1722 2237 λέξει,

923 2232 986 2271 μήτε
1008 2232 1043 2264 ῶς
1064 2233 1091 2261 ἓν
1109 2231 1173 2270 μήτε
1196 2231 1231 2264 ὧς
1251 2232 1336 2261 πολλα
1358 2233 1474 2270 διορίζειν
1500 2230 1576 2264 αὐτό,
1602 2231 1666 2281 μηδὲ
1692 2230 1722 2259 τὸ

924 2288 1053 2313 παραπαν
1075 2273 1139 2303 αὐτὸ
1158 2277 1255 2303 καλεῖν·
1283 2275 1309 2303 ἓν
1325 2287 1350 2303 τι
1366 2274 1418 2313 γὰρ
1436 2275 1496 2303 εἴδει
1513 2275 1556 2302 καῖ
1574 2273 1640 2301 κατὰ
1659 2285 1721 2301 ταυ-

925 2331 970 2353 την
989 2317 1021 2346 &v
1038 2317 1083 2353 τὴν
1100 2316 1242 2355 πρόςρησιν
1259 2315 1490 2369 προςαγορειῖοιτο.
1535 2321 1629 2345 ΘΕΑΙ.
1645 2321 1720 2343 Παν-

924 2360 1027 2389 τιίπασί
1046 2371 1084 2398 γε.
1127 2365 1231 2387 XXVII.
1250 2365 1298 2389 ΞΕ
1319 2360 1372 2388 Τὸν
1388 2362 1435 2396 μὲν
1453 2360 1539 2387 τοίνυν
1556 2361 1599 2396 ἐμέ
1614 2370 1644 2397 γε
1664 2364 1667 2378 ¹
1688 2359 1723 2386 ἔτι

924 2405 949 2431 τί
964 2414 1002 2434 τις
1020 2415 1052 2430 αν
1069 2404 1151 2440 λέγοις
1178 2403 1222 2430 καὶ
1242 2401 1294 2441 γὰρ
1311 2401 1394 2430 παλαι
1412 2414 1455 2430 και
1472 2401 1505 2429 τὰ
1523 2401 1568 2429 νῦν
1585 2399 1724 2438 ηττημένον

925 2443 957 2473 ἂν
983 2443 1054 2482 εὕροι
1080 2456 1139 2481 περι
1165 2443 1213 2473 τὸν
1238 2444 1286 2473 τοῦ
1311 2444 1346 2482 μὴ
1374 2443 1450 2475 ὄντος
1476 2445 1587 2482 ἔλεγχον.
1614 2442 1675 2474 ῶςτε
1697 2446 1724 2470 ἐν

925 2488 1010 2526 ἔμοιγε
1028 2489 1139 2525 λέγοντι,
1158 2486 1284 2537 καθάπερ
1301 2499 1384 2519 ειπον,
1397 2486 1437 2538 μὴ
1456 2486 1594 2523 σκοπῶμεν
1611 2497 1657 2520 την
1674 2482 1721 2522 ἆρ-

924 2531 1057 2567 θολογίαν
1077 2529 1137 2566 περὶ
1157 2529 1187 2557 τὸ
1205 2529 1239 2566 μὴ
1259 2528 1300 2562 ὅν,
1326 2527 1378 2557 αλλ’
1396 2530 1425 2557 εά
1444 2528 1474 2564 δὴ
1492 2528 1537 2556 νῦν
1555 2532 1581 2555 ἐν
1599 2528 1642 2555 σοὶ
1661 2538 1720 2555 σκε-

922 2571 1049 2610 ψώμεθα.
1094 2576 1187 2600 ΘΕΑΙ.
1209 2571 1274 2603 Πῶς
1292 2571 1355 2609 φῂςς
1400 2576 1449 2599 ΞΕ.
1468 2569 1524 2598 ’Ίθι
1546 2569 1605 2607 ἡμῖν
1625 2570 1653 2597 εὖ
1678 2570 1722 2597 καὶ

922 2615 1056 2653 γενναίως,
1079 2612 1124 2642 ἅτε
1142 2616 1198 2645 νέος
1216 2613 1263 2647 ῶν,
1286 2613 1303 2643 5¹
1319 2627 1344 2642 τι
1359 2613 1474 2652 μάλιστα
1493 2612 1603 2641 δύνασαι
1621 2613 1720 2640 συντεί-

923 2667 969 2688 νας
989 2654 1144 2693 πειράθητι,
1165 2655 1229 2693 μήτε
1251 2655 1344 2685 οὐσίαν
1363 2654 1427 2693 μήτε
1445 2654 1475 2683 τὸ
1495 2655 1520 2683 ἓν
1536 2653 1598 2691 μήτε
1616 2654 1723 2689 πλῆθος

924 2697 1043 2736 ἀριθμοῦ
1060 2699 1212 2736 προςτιθεὶς
1229 2699 1264 2737 τῷ
1281 2698 1316 2737 μὴ
1335 2698 1401 2730 ὄντι,
1420 2697 1487 2725 κατὰ
1505 2696 1552 2725 τὸν
1570 2694 1658 2734 ὀρθὸν
1674 2695 1719 2725 λό-

1396 2749 1423 2770 11
1438 2746 1451 2758 ²‘

1747 293 1783 311 233

1748 672 1764 690 B

1750 1390 1767 1408 l)

1750 1983 1785 2001 ‘2:39

1750 2364 1766 2382 B
