1998 3084
736 154 1088 181 PRAEFATIO.
1674 160 1734 181 xm

94 249 132 283 in
150 246 271 282 eodem
289 246 379 280 libro
396 258 430 291 p.
454 246 534 279 104.
553 244 593 279 E.
617 245 715 280 codd.
735 257 856 280 omnes
876 245 977 280 iuxta
996 258 1075 280 011111
1093 246 1209 281 editt:
1238 240 1334 287 ὅμως
1356 240 1398 277 οὐ
1421 241 1556 286 δέχεται,
1580 242 1667 277 αὐτὸ
1699 242 1735 276 τό

95 311 264 345 ἐναντίον.
319 311 422 355 Quod
439 312 536 347 viros
554 312 674 347 doctos
692 311 779 347 adeo
797 312 888 347 male
906 312 1041 355 habuit,
1061 318 1100 348 ut
1119 319 1182 348 aut
1201 308 1238 344 τό
1258 311 1418 344 ἐναντίον
1435 312 1656 355 eiiciendum,
1675 317 1737 347 aut

95 374 182 412 αὐτό
208 379 247 414 111
274 374 370 422 αὐτῷ
397 379 608 413 mutandum
633 379 832 414 statuerint.
885 378 1060 414 Neutrum
1086 386 1189 415 recte.
1241 379 1332 416 Nam
1358 380 1463 424 vitio,
1493 381 1523 415 si
1550 379 1644 426 quod
1673 384 1736 422 est,

93 447 204 482 multo
232 446 346 480 lenius
373 445 556 480 medearis.
609 444 821 493 Interposito
846 446 940 481 enim
963 452 1044 493 post
1068 441 1157 477 αὑτό
1183 452 1353 482 commate
1377 448 1477 483 salva
1500 453 1583 482 sunt
1607 447 1735 481 omnia.

94 513 231 560 Quippe
254 513 322 548 hoc
344 517 507 559 suscepto
531 525 603 547 non
627 512 698 547 iam
720 513 757 547 in
782 526 893 548 unum
917 517 1046 548 coeunt
1069 513 1180 549 verba
1204 509 1291 544 αὐτό
1312 509 1349 544 τό
1370 512 1530 544 ἐναντίον
1554 525 1669 560 11011110
1693 513 1736 548 de

93 581 172 616 idea
189 580 356 615 contrarii
375 579 601 627 cogitandum
620 585 682 622 est,
701 579 762 614 sed
782 576 820 610 τό
840 578 1000 610 ἐναντίον
1018 580 1219 627 pronomini
1238 580 1371 615 accedit
1389 593 1451 627 per
1469 580 1736 628 appositionem,

94 660 163 695 quo
186 647 264 694 ipso
282 647 312 682 is
330 658 454 681 sensus
473 646 639 689 efficitur,
659 659 763 693 quem
782 647 1032 694 disputationis
1051 647 1142 682 ratio
1160 647 1306 695 flagitat.
1359 647 1412 682 De
1431 648 1662 694 appositionis
1680 659 1736 695 ge-

93 727 177 749 nere
193 719 312 749 autem
330 713 398 749 ista
415 713 552 748 ratione
569 713 722 748 admisso
741 714 799 748 vel
817 726 863 748 ex
880 714 934 757 iis,
954 726 1044 760 quae
1062 714 1099 748 in
1119 714 1378 749 commentariis
1397 714 1528 749 nostris
1545 714 1737 748 Platonicis

93 781 200 818 variis
224 781 309 816 loeis
333 780 578 828 exposuimus,
603 780 690 816 adeo
713 786 798 816 nota
822 786 906 816 sunt
929 781 1064 824 omnia,
1084 787 1124 816 ut
1142 781 1232 815 nihil
1250 781 1354 828 plane
1373 781 1667 816 commonendum
1685 782 1735 816 vi-

91 848 226 884 deatur.
270 847 344 882 Iam
361 860 447 883 vero
465 847 549 882 ibid.
567 860 601 894 p.
625 849 706 882 105.
726 848 765 882 B.
785 848 930 883 voculas
949 848 986 878 ἐν
1006 847 1051 891 τῷ
1072 848 1172 883 1111013
1191 848 1344 883 inclusas
1363 848 1601 883 exhibuimus.
1653 846 1735 890 Qui-

91 916 157 951 bus
176 915 294 950 eiectis
312 915 410 950 locus
429 915 572 950 omnino
591 914 711 950 salvus
730 915 881 950 videtur.
925 915 1016 950 Nam
1033 915 1223 962 quominus
1243 915 1349 950 etiam
1369 909 1504 955 Ow‘sttatt
1526 914 1736 950 eiiciendum

92 988 303 1025 statuamus,
323 981 412 1017 illud
430 981 591 1028 impedit,
614 981 709 1028 quod
726 982 841 1029 prima
858 983 927 1018 ista
944 982 1221 1031 interrogatione
1239 981 1498 1028 quodammodo
1516 981 1737 1029 praeluditur

92 1050 208 1092 alteri,
236 1061 326 1096 quae
353 1049 397 1084 ad
424 1049 579 1096 corporis
606 1048 847 1084 valetudinem
874 1055 1018 1097 spectat.
1073 1049 1152 1093 Qua
1175 1050 1358 1085 occasione
1381 1049 1560 1085 monuisse
1587 1049 1736 1091 iuvabit,

93 1117 293 1163 ubicunque
317 1116 516 1151 istiusmodi
541 1128 649 1151 uncos
673 1116 899 1151 adhibuimus
907 1144 915 1160 ,
942 1117 1075 1152 factum
1098 1122 1217 1152 autem
1242 1117 1278 1151 id
1301 1129 1373 1151 non
1398 1129 1469 1151 uno
1494 1117 1570 1151 1000
1594 1122 1662 1160 est,
1687 1117 1736 1151 ibi

92 1196 155 1220 nos
172 1183 346 1220 vocabula
364 1183 407 1217 iis
426 1183 562 1217 inclusa
579 1195 643 1230 pro
661 1184 833 1230 suspectis
852 1183 1028 1220 habuisse.
1065 1183 1106 1219 In
1124 1183 1247 1220 eodem
1266 1184 1356 1219 libro
1374 1196 1408 1231 p.
1432 1185 1513 1219 109.
1531 1183 1575 1219 D.
1595 1183 1736 1219 damna-

92 1251 207 1288 vimus
225 1262 321 1286 nunc
339 1250 445 1285 etiam
463 1250 648 1285 lectionem
663 1250 851 1286 librorum:
872 1247 909 1282 τό
926 1246 957 1283 δ’
973 1249 1064 1282 εἶναι
1080 1246 1231 1282 ταύτόν
1244 1246 1315 1282 ὑπὸ
1331 1246 1524 1289 ἀσθενείας
1538 1248 1641 1282 uri..
1670 1250 1736 1286 Ve.

92 1318 228 1353 rissime
239 1318 334 1353 enim
345 1317 494 1352 coniecit
503 1317 772 1353 Heindorfius
784 1318 1010 1354 scribendum
1025 1330 1117 1353 esse:
1136 1312 1174 1348 ro*
1190 1312 1222 1349 ὁ>
1237 1316 1327 1348 εἶναι
1343 1316 1522 1349 τοιοῦτον·
1540 1312 1611 1348 imo*
1627 1313 1736 1349 ἀσθε-

94 1383 186 1424 νείας
201 1383 323 1423 usai„
344 1390 384 1420 ut
401 1385 525 1421 verba:
553 1380 615 1416 ὑπ>
631 1380 824 1424 ἀσθενείας
838 1402 885 1405 —
902 1380 963 1416 τόν
977 1379 1078 1428 ἀέρα,
1093 1385 1306 1433 antegressis
1326 1385 1545 1420 illustrandis
1564 1385 1736 1421 inservire

93 1457 129 1487 et
141 1464 203 1500 per
218 1447 429 1500 epexegesin
444 1452 525 1487 addi
540 1452 658 1500 putari
675 1452 836 1487 debeant.
865 1452 983 1500 Atque
1002 1465 1079 1487 eam
1096 1452 1270 1488 rationem
1289 1453 1473 1488 confirmat
1490 1454 1646 1500 profecto
1664 1466 1736 1488 non

93 1519 313 1555 mediocriter
336 1519 432 1566 quod
461 1532 525 1567 pro
551 1514 681 1550 ταῦτόν
704 1519 800 1567 apud
815 1519 1048 1555 Eusebium
1072 1520 1202 1568 legitur
1228 1519 1399 1558 τοῦῑον,
1426 1520 1503 1563 ubi,
1528 1506 1597 1555 nisi
1621 1521 1734 1563 fallor,

94 1599 185 1622 unus
209 1587 343 1622 alterve
366 1586 479 1622 codex
502 1587 609 1622 etiam
632 1586 762 1622 diserte
782 1586 921 1618 τοιοῦτο
940 1588 1175 1634 perscriptum
1194 1588 1350 1622 exhibet.
1403 1587 1458 1622 En
1476 1587 1601 1635 igitur,
1626 1588 1735 1623 habes

93 1654 227 1701 aliquot
244 1654 406 1701 exempla
424 1654 719 1698 emendationum,
739 1655 861 1701 quales
878 1654 937 1689 hic
955 1660 989 1689 et
1008 1655 1079 1689 illic
1094 1660 1216 1690 nostra
1233 1661 1358 1702 sponte
1374 1655 1601 1690 tentavimus.
1637 1655 1735 1699 Quae

93 1734 202 1769 quum
219 1733 340 1757 omnes
359 1722 431 1757 sint
448 1721 648 1757 lenissimae
665 1726 771 1769 atque
790 1722 1046 1757 sententiarum
1063 1722 1262 1758 rationibus
1281 1729 1547 1765 consentaneae,
1567 1728 1658 1758 certe
1671 1736 1735 1758 nec

92 1789 151 1832 iis,
175 1789 316 1836 opinor,
341 1789 651 1836 improbabuntur,
671 1790 732 1836 qui
750 1790 788 1825 in
807 1790 937 1825 talibus
956 1795 1040 1825 sunt
1058 1791 1254 1826 severiores
1273 1796 1379 1837 atque
1397 1791 1569 1825 librorum
1588 1791 1734 1837 scriptu-

93 1868 182 1900 ram,
200 1856 363 1903 quamvis
382 1856 626 1904 depravatam,
645 1863 763 1893 tamen
782 1858 914 1904 ubique
932 1857 1109 1893 mordicus
1127 1858 1317 1893 tenendam
1335 1858 1564 1892 arbitrantur.
1618 1857 1733 1892 Raris-

93 1923 178 1959 sime
210 1936 296 1959 vero
327 1924 462 1970 aliquid
495 1925 572 1960 ausi
605 1937 743 1968 sumus,
778 1925 873 1972 quod
907 1925 1047 1973 longius
1074 1925 1117 1960 ab
1145 1925 1317 1960 librorum
1345 1926 1555 1960 auctoritate
1583 1925 1732 1960 recedat.

93 1990 202 2026 Cuius
225 1991 364 2039 generis
388 1991 458 2027 duo
482 1993 607 2027 saltem
631 1992 794 2039 exempla
817 1992 978 2027 attulisse
1003 2005 1075 2027 non
1099 1993 1255 2028 alienum
1273 1993 1350 2028 erit.
1403 1992 1620 2039 Desperatus
1639 1993 1733 2027 enim

91 2058 162 2092 fere
185 2070 207 2092 a
230 2058 359 2093 criticis
383 2058 526 2094 habitus
550 2064 605 2094 est
628 2060 726 2094 locus
750 2057 943 2108 Symposii,
972 2060 1032 2106 qui
1057 2059 1188 2108 legitur
1211 2072 1244 2107 p.
1271 2061 1354 2095 212.
1379 2059 1420 2095 E.
1478 2059 1655 2094 Nimirum
1684 2060 1733 2094 ibi

91 2123 306 2160 Alcibiades:
336 2124 398 2157 νῦν
419 2123 456 2157 δὲ
474 2119 547 2170 ἥκω
566 2123 624 2157 ἐπὶ
643 2125 684 2174 τῇ
704 2124 838 2173 κεφαλῇ
859 2126 947 2166 ἔχων
966 2122 1029 2165 τοὶς
1050 2125 1199 2165 ταινίας,
1226 2125 1284 2158 ἵνα
1303 2122 1375 2158 «ind
1396 2129 1459 2170 τῆς
1478 2125 1564 2170 ἐμῆς
1579 2137 1637 2170 neq
1645 2125 1732 2170 θήῃς

93 2187 155 2235 τήν
174 2191 235 2223 τοῦ
255 2187 465 2236 σοφωτάτου
480 2191 540 2224 καὶ
558 2190 747 2224 καλλίστου
771 2188 938 2237 κεφαλήν,
958 2189 1031 2224 ἐάν
1049 2192 1134 2224 εἴπω
1153 2189 1296 2232 οὑτωσί,
1325 2188 1506 2238 ἀναδήσω.
1540 2193 1581 2228 In
1600 2194 1729 2241 quibus

92 2258 176 2304 quid
198 2259 260 2294 sit:
293 2254 362 2290 ἐάν
380 2257 463 2291 εἴπω
479 2255 622 2299 οὑτωσί,
646 2260 807 2296 nondum
829 2261 1017 2308 quisquam
1042 2261 1210 2296 inventus
1234 2266 1286 2296 est
1305 2261 1366 2308 qui
1384 2261 1540 2309 legentes
1559 2261 1729 2296 edoceret.

91 2324 280 2362 Enimvero
307 2326 532 2362 scribendum
554 2328 638 2363 fuit:
675 2326 752 2358 ἵνα
777 2326 860 2359 εἴπω
881 2323 1023 2366 οῖ”τωσί,
1049 2327 1144 2374 1111011
1167 2340 1262 2363 nunc
1285 2328 1362 2363 sine
1386 2328 1609 2363 cunctatione
1633 2329 1731 2363 resti-

91 2392 233 2428 tuimus.
287 2392 418 2428 Eodem
441 2394 545 2430 modo
569 2394 675 2429 Plat.
700 2394 814 2442 Epist.
838 2393 897 2429 111.
923 2407 956 2441 p.
983 2396 1066 2430 318.
1091 2394 1134 2430 D.
1160 2393 1219 2426 ἵνα
1238 2389 1350 2434 οὕτως
1368 2393 1463 2426 εἴπω.
1518 2394 1655 2442 Quippe
1683 2396 1732 2429 ita

93 2465 236 2494 excusat
259 2465 378 2496 orator
401 2461 496 2507 quod
519 2461 605 2496 dicit
629 2457 813 2506 ἀναθήσω,
839 2462 968 2509 quippe
993 2461 1088 2508 quod
1111 2462 1162 2497 ita
1179 2462 1398 2497 intellectum
1415 2463 1509 2505 vult,
1535 2468 1575 2497 ut
1593 2462 1731 2497 denuo

93 2525 348 2562 redimiendi
373 2528 447 2563 vim
471 2533 506 2562 et
528 2534 740 2575 potestatem
763 2529 902 2564 habeat.
924 2537 926 2539 '
957 2527 1035 2572 Quo
1059 2529 1306 2565 animadverso
1330 2542 1434 2564 nemo
1457 2529 1558 2564 facile
1583 2529 1649 2564 erit
1669 2529 1730 2575 qui

93 2591 135 2627 de
153 2594 406 2629 emendationis
424 2595 574 2630 veritate
591 2595 821 2632 dubitaverit.
874 2594 944 2631 Sed
962 2596 1102 2644 longius
1120 2597 1227 2631 etiam
1245 2609 1266 2631 a
1283 2597 1429 2644 vulgata
1447 2596 1622 2643 scriptura
1639 2607 1730 2630 rece-

91 2658 172 2694 dere
195 2661 271 2696 ausi
296 2673 417 2696 sumus
442 2661 530 2696 Tim.
555 2675 589 2709 p.
616 2664 673 2698 33.
699 2662 743 2698 A.
796 2663 849 2698 Ibi
874 2663 982 2710 vulgo
1005 2663 1150 2711 legitur:
1179 2661 1380 2702 κατανοῶν,
1404 2659 1452 2701 ὡς
1475 2656 1497 2693 ἂ
1522 2660 1666 2705 ξυνιστᾴ
1686 2658 1730 2693 τά
