1998 3084
221 658 244 677 86

215 2512 239 2530 ⁶⁷

272 155 304 181 32
943 155 1236 182 PLATONIS

273 233 518 270 ὲταισχυνθησομαι
536 235 652 270 ἐρέσθαι,
672 233 756 268 ἐπειδὴ
773 234 817 260 καὶ
832 232 864 261 σὺ
879 234 960 262 ταῦτα
975 236 1060 272 λὲγεις,

273 274 332 304 οὐδὲ
357 275 467 312 ἐμαυτὸν
491 274 642 311 αἰτιάσομαι
666 278 692 302 ἐν
713 274 812 312 ὑστέρῳ
832 274 930 323 χρόνῳ,
956 276 996 304 ὅτι
1017 277 1062 304 νῦν

272 316 318 346 οὐκ
335 322 409 345 εἶπον
427 316 443 344 δι’
462 317 517 354 ἐμοὶ
535 317 611 344 δοκει.
630 317 686 353 ἐμοὶ
702 316 766 354 γάρ,
785 318 804 344 ὠ
821 316 968 354 Σώκρατες,
992 321 1059 346 ἐπει-

272 359 302 394 δὴ
320 371 362 386 και
379 358 445 396 πρὸς
463 357 573 395 ἐμαυτὸν
590 359 633 385 καὶ
650 358 717 395 πρὸς
732 358 806 387 τόνδε
824 360 922 392 σκοπῶ,
941 359 973 387 τὰ
991 359 1060 397 εἰρη-

270 404 333 438 με’7α
358 399 388 428 οὐ
415 399 483 427 πάνυ
508 401 625 436 φαίνεται
651 401 743 432 ἱκανῶς
768 401 901 438 εἰρῆσθαι
944 407 1060 429 XXXVI.

271 444 325 470 Ka«
345 449 348 462 ¹
368 441 381 469 ὁ
400 441 550 479 Σωκρατης,
564 441 640 473 Ισως
649 454 719 491 γαρ,
739 443 797 479 ἔφη,
816 444 836 471 ὦ
854 445 950 481 ἑταιρε,
974 442 1061 479 ἀληθῆ

272 496 315 512 σοι
332 485 460 519 φαίνεται·
480 481 544 510 ἀλλὰ
542 486 625 525 λέγε,
645 484 698 521 ὁπῃ
717 484 746 520 δὴ
764 496 812 520 ουχ
829 486 929 535 {uocata—15}
973 484 1060 521 Ταύτη

272 527 368 563 ἔμοιγε,
391 526 406 560 ἡ
429 524 452 552 δ
473 525 513 557 ὅς,
536 527 552 562 ᾑ
575 526 604 561 δὴ
626 538 669 554 και
690 527 749 575 περὶ
771 526 894 574 ἁρμονίας
916 526 948 555 ἄν
965 538 1002 558 τις
1018 540 1062 555 και

270 566 348 605 λύρας
368 579 395 595 τε
416 579 460 595 και
478 568 581 604 χορδῶν
601 568 648 596 τὸν
669 567 749 597 αὐτὸν
769 570 863 597 τοῦτον
883 568 963 607 λόγον
984 572 1060 601 εἴποι,

270 608 304 640 ὦς
317 608 333 644 ἡ
346 611 393 646 μὲν
411 608 520 647 ἆρμονιά
539 608 655 647 ἀόρατόν
671 623 695 638 τι
711 623 756 638 και
773 609 913 648 ἀσώματον
930 612 973 639 καὶ
989 623 1059 649 παγ-

271 650 350 679 καλόν
371 663 395 679 τι
416 652 460 679 καὶ
481 651 560 679 θεῖόν
582 655 650 680 ἐστιν
672 655 698 680 ἐν
719 653 751 690 τῇ
776 652 924 690 ἡρμοσμέιῃ
945 652 1021 690 λυρᾳ,
1048 657 1061 670 *

271 691 335 728 αὐτὴ
357 691 381 721 δ’
397 692 412 729 ἦ
433 692 498 731 λύρα
519 694 563 721 καὶ
584 695 612 722 αῖ
626 695 721 732 χορδαὶ
739 694 847 732 σώματά
865 707 891 723 τε
909 696 953 723 καὶ
970 707 1059 732 σωμα-

270 736 354 771 τοειδῆ
375 736 419 763 καὶ
440 736 554 767 ξύνθετα
576 737 619 764 καὶ
639 736 722 774 γεώδη
744 737 798 765 ἐστὶ
819 738 863 764 καὶ
885 738 932 765 τοῦ
959 737 1061 772 θνητοῦ

270 778 384 816 ξυγγενῆ.
403 777 505 805 ἐπειδὰ7
523 773 601 806 οῧν“
586 791 600 813 η
618 778 717 815 καταξῃ
735 790 772 810 τις
789 778 833 814 τὴν
849 778 955 817 λυραν’
945 791 960 814 η
976 780 1058 807 διατέ-

268 832 304 856 μη
322 818 338 854 ἢ
355 821 398 847 καὶ
416 819 538 858 διαῤῥηξῃ
555 819 602 852 τὰς
616 820 721 858 χορδάς,
739 824 766 849 εἶ’
778 832 815 852 τις
833 822 1010 858 διισχυρίζοιτο
1025 833 1060 848 τι7

271 860 339 898 αὐτῷ
349 860 432 914 λόγῳ,
451 862 533 899 ὥςπερ
552 861 592 895 συ,
611 862 645 894 ὦς
663 861 761 900 ἀνάγκη
779 864 815 891 ἔτι
832 868 896 892 εἰναι
913 863 958 898 τὴν
977 862 1058 900 ἆρμο-

270 905 326 931 νίαν
344 905 436 939 ἐκείνην
453 905 496 931 καὶ
511 903 547 941 μὴ
566 903 734 933 ἆπολωλέναι“
757 922 797 925 —
820 904 925 942 οὐδεμία
942 905 993 943 γὰρ
1010 918 1059 942 μη-

267 945 334 981 χανὴ
357 944 388 974 ἂν
409 949 446 981 εἴη
467 946 513 981 τὴν
532 948 579 983 μὲν
595 945 673 984 λύραν
692 947 728 975 ἔτι
744 945 809 975 εἷναι
827 948 995 986 διερῥωγυιῶν
1011 948 1062 975 τῶν

268 988 370 1025 χορδῶν
386 989 430 1015 καὶ
446 987 492 1019 τὰς
507 988 605 1026 χορδὰς
622 989 782 1037 θνητοειδεῖς
800 988 888 1021 οὔσας,
907 989 952 1024 τὴν
970 990 997 1017 δὲ
1013 988 1059 1026 ἆρ-

268 1031 362 1067 μονίαν
384 1028 542 1058 ἀπολωλέναι
563 1030 608 1065 τὴν
629 1031 675 1059 τοῦ
696 1033 775 1059 θείου
801 1043 827 1059 τε
853 1044 897 1059 και
920 1029 1061 1059 ἆθανατου

270 1071 376 1109 ὁμοφυᾶ
395 1078 399 1092 ¹
417 1084 444 1100 τε
462 1072 505 1099 καὶ
523 1073 641 1111 ξυγγενῆ,
659 1075 789 1111 προτέραν
805 1074 853 1102 τοῦ
870 1073 972 1108 θνητοῦ
991 1071 1059 1101 ἆπο-

269 1116 376 1163 λομὲνην
392 1131 433 1134 —
452 1112 516 1141 ἆλλὰ
533 1116 609 1168 φαίη,
631 1113 666 1146 ῶς
687 1113 785 1153 ἆναγκη
808 1116 843 1143 ε’τι
859 1127 912 1144 που
930 1114 994 1144 εἶναι
1012 1127 1058 1143 αυ-

269 1157 314 1192 τὴν
332 1156 376 1191 τὴν
394 1154 531 1193 ἇρμοιίαν,
553 1157 596 1184 καὶ
617 1156 746 1195 πρότερον
767 1157 799 1185 τὰ
821 1156 884 1189 ξυλα
906 1169 933 1186 τε
954 1158 998 1185 καὶ
1015 1157 1061 1188 τὰς

267 1197 365 1235 χορδας
381 1197 635 1234 κατασαπήσεσθαι,
654 1201 714 1237 πρίν
730 1212 755 1228 τι
772 1201 866 1234 ἐκείνην
879 1203 990 1228 παθειν·
1018 1199 1061 1227 καὶ

268 1241 319 1278 γὰρ
338 1252 390 1272 ουν,
410 1236 429 1268 ὦ
446 1240 589 1278 Σώκρατες,
609 1240 681 1278 οἶμαι
699 1243 776 1280 ἔγωγε
794 1243 838 1269 καὶ
856 1240 936 1270 αὐτόν
953 1254 983 1270 σε
997 1241 1058 1269 τοῦ-

269 1295 298 1310 το
318 1283 524 1332 ἐντεθυμῆσθαι,
545 1283 584 1311 ὅτι
601 1283 721 1312 τοιοῦτον
737 1296 762 1312 τι
777 1282 891 1321 μαλιστα
905 1282 1058 1320 ὑπολαμβά-

268 1336 345 1361 νομεν
363 1324 407 1359 τὴν
423 1324 507 1377 ψυχὴ-ι
524 1323 561 1353 εἷι
557 1337 599 1358 αι,
622 1325 704 1363 ὥςπερ
723 1328 887 1363 ἐντεταμένον
904 1326 951 1354 τοῦ
969 1325 1058 1363 σῶμα·

268 1377 313 1397 τος
333 1365 404 1403 ἡμῶν
424 1368 468 1394 καὶ
490 1369 658 1420 ξυνεχομένου
680 1367 732 1396 ὑπὸ
759 1368 864 1405 θερμοῦ
889 1369 933 1396 καὶ
957 1367 1060 1413 ψυχροῦ

268 1409 311 1436 καὶ
329 1410 407 1445 ξηροῦ
424 1421 468 1436 και
484 1407 516 1447 ὗγ
518 1410 565 1446 ροῦ
582 1422 626 1437 και
642 1421 767 1438 τοιουτων
783 1411 865 1443 τινῶν,
887 1410 979 1448 κρᾶσιν
996 1415 1061 1438 εἰναι

267 1452 310 1478 καὶ
329 1449 454 1487 ἇρμο7ιαν
472 1450 555 1479 αὐτῶν
576 1450 674 1480 τούτων
693 1458 697 1472 ¹
715 1452 761 1488 τὴν
781 1452 865 1489 ψυχὴν
886 1451 967 1489 ημῶν,
991 1456 1058 1480 ἐπει-

268 1492 316 1520 δὰν
336 1493 418 1520 ταῦτα
436 1494 519 1524 καλῶς
535 1494 578 1521 καὶ
594 1495 701 1535 μετρίως
717 1494 808 1531 κραθῇ
825 1494 891 1531 πρὸς
909 1493 1011 1529 ι’ίλληλα.
1038 1494 1060 1522 εἶ

268 1536 314 1563 οὐν
336 1547 455 1573 τυγχα7ει
478 1534 493 1570 ἡ
516 1535 586 1572 ψυχὴ
610 1537 677 1564 οὐσα
703 1534 812 1588 ἇρμονιά
837 1548 884 1567 τις,
912 1537 988 1571 δῆλον
1011 1536 1058 1568 ὅτι,

268 1577 333 1605 ὁταν
347 1578 476 1614 χαλασθῇ
494 1577 524 1606 τὸ
543 1578 618 1615 σῶμα
633 1576 704 1614 ἡμῶν
719 1577 832 1616 ἀμέτρως
846 1578 861 1614 ἣ
872 1578 992 1628 ,s'mmnffy‘
1007 1577 1058 1606 ὖπὸ

267 1631 353 1648 νοσων
369 1620 413 1647 καὶ
431 1618 513 1647 α’λλων
529 1620 620 1652 κακῶν,
639 1619 683 1655 τὴν
699 1633 745 1657 μεν
761 1620 846 1658 ψυχὴν
864 1633 961 1659 αναγκη
978 1619 1060 1652 εὐθὺς

266 1673 377 1699 υπαρχει
395 1660 566 1695 ἀπολωλέναι,
589 1664 680 1700 καίπερ
699 1663 781 1691 οὖσαν
800 1662 952 1698 θειοτατην,
977 1663 1059 1700 ὥςπερ

267 1705 310 1732 καὶ
333 1704 360 1731 αἶ
383 1702 457 1732 ὄίλλαι
479 1703 599 1741 ἆρμονίαι
621 1717 647 1732 αι
669 1717 683 1733 τ
707 1708 733 1732 ἐν
749 1708 805 1736 τοῖς
821 1704 956 1743 φθόγγοις
973 1705 1016 1732 καὶ
1034 1708 1060 1732 ἐν

267 1749 323 1777 τοῖς
339 1747 390 1774 τῶν
408 1747 593 1784 δημιουργῶν’
585 1748 669 1784 ε’ργοις
689 1747 768 1779 πᾶσι,
791 1747 823 1774 τὰ
842 1748 868 1775 δὲ
886 1749 995 1784 λείψανα
1013 1747 1059 1775 τοῦ

268 1787 389 1825 σώματος
406 1787 517 1816 ἑκάστου
535 1789 617 1817 πολὺν
632 1787 729 1826 χρόνον
746 1791 912 1826 παραμέ7ειν,
932 1789 977 1820 ἕως
996 1788 1028 1816 ἂν
1044 1787 1060 1824 ἢ

267 1831 425 1867 κατακαυθῇ
446 1829 462 1865 ἢ
483 1831 631 1868 κατασαπῇ.
657 1837 661 1851 “
680 1831 736 1891 ἕδρα
759 1832 805 1859 οὐν
821 1831 887 1868 πρὸς
904 1843 998 1859 τουτον
1014 1831 1060 1859 τὸν

267 1871 347 1910 λόγον
364 1874 389 1900 τί
404 1871 529 1909 φήσομεν,
549 1872 594 1901 ἐάν
607 1883 645 1904 τις
660 1871 730 1905 αξιοῖ
742 1874 835 1911 κρᾶσιν
850 1874 933 1901 οὖσαν
947 1873 993 1909 τὴν
1006 1883 1057 1911 ψυ-

266 1914 314 1949 χὴν
331 1915 381 1942 τῶν
399 1918 424 1942 ἐ7
441 1915 476 1951 τῷ
495 1914 594 1952 σώματι
612 1918 638 1942 ἐν
652 1916 686 1952 τῷ
701 1917 846 1952 καλουμένῳ
861 1914 971 1952 θανατῳ
986 1914 1057 1953 πρώ-

267 1969 313 1991 την
330 1955 508 1985 απόλλυσθαι.
551 1963 678 1985 XXXVII.
696 1958 844 1994 Διαβλέψας
859 1958 905 1986 οὖν
919 1970 933 1986 ο
949 1957 1057 1994 Σωκρα-

267 2009 322 2034 της,
347 1999 429 2036 ὥςπερ
451 1998 484 2027 τὰ
505 1999 589 2027 πολλὰ
607 1998 709 2031 εἰώθει,
734 2000 777 2027 καὶ
793 1998 940 2037 μειδιάσας,
966 2001 1059 2027 Δίκαια

267 2043 361 2078 μέντοι,
380 2042 435 2077 ἔφη,
453 2040 547 2094 λέγει(
534 2054 548 2069 ο
563 2043 682 2079 Σιμμίας
700 2041 722 2069 εἶ
738 2043 783 2070 οὐν
800 2053 837 2073 τις
853 2040 924 2079 ὑμῶν
941 2054 1058 2079 ευπορω-

268 2094 341 2120 τερος
362 2084 436 2120 ἐμοῦ,
458 2085 484 2111 τί
505 2096 550 2112 ουκ
573 2082 740 2121 ἆπεκρίνατο;
767 2085 811 2111 καὶ
831 2083 882 2135 γὰρ
905 2096 936 2112 ου
957 2083 1061 2120 φαυλως

269 2126 349 2153 ἔοικεν
371 2124 506 2162 ἁπτομένῳ
527 2126 574 2154 τοῦ
595 2125 683 2164 λόγου
716 2127 786 2154 δοκεῖ
804 2128 891 2164 μέντοι
907 2138 953 2163 μοι
970 2127 1060 2164 χρῆναι

267 2167 319 2218 πρὸ
337 2168 381 2203 τῆς
399 2166 559 2205 ἀποκρίσεως
577 2169 612 2196 ἔτι
629 2167 758 2220 πρότερον
771 2167 916 2204 Κέβητος’
902 2169 1021 2201 ακοῦσαι,
1037 2170 1062 2196 τί

269 2210 302 2238 αὖ
324 2210 394 2238 ὃδεΙ
419 2212 519 2248 ἐγκαλεῖ
540 2211 575 2247 τῷ
597 2209 677 2248 λόγῳ,
703 2212 745 2238 ι’να
770 2210 867 2259 χρό7ου
894 2213 1061 2249 ἐγγενομένου

269 2250 474 2301 βουλευσωμεθα
491 2253 517 2280 τί
534 2252 650 2290 ἐροῦμε7,
675 2253 761 2280 ε’πειτα
784 2251 948 2284 ἇκουσαντας
964 2251 980 2288 ἢ
997 2255 1058 2291 ξυγ-

265 2305 359 2332 χωρειν
380 2292 480 2327 αὐτοῖς,
504 2293 549 2322 εὀἷν
569 2307 593 2323 τι
615 2295 711 2323 δοκῶσι
732 2294 879 2332 προςαδειν·
907 2295 952 2323 ἐὰν
973 2295 1001 2323 δὲ
1016 2294 1059 2336 μή,

268 2335 350 2368 οὕτως
365 2334 413 2372 ηδη
429 2335 573 2377 ὖπερδικεῖν
589 2337 637 2365 τοῦ
654 2335 741 2378 λόγου.
767 2335 819 2364 ἀλλ’
837 2335 891 2375 α’γε,
909 2332 925 2373 ἦ
943 2335 967 2364 δ’
985 2337 1059 2370 ὅς,ω

266 2379 362 2415 Κέβης,
384 2380 452 2416 λέγε,
475 2380 501 2406 τί
515 2380 546 2414 ἠν
563 2378 578 2407 ὅ
597 2391 627 2407 σε
645 2380 678 2406 αὖ
696 2379 816 2416 θρᾶττον
834 2378 957 2408 ἀπιστίαν
977 2381 1057 2416 παρέ-

264 2432 312 2473 χει.
355 2422 430 2459 Λέγω
452 2420 494 2455 δή,
516 2417 531 2456 ἦ
554 2419 577 2448 δ’
600 2420 628 2452 ὃς
649 2419 664 2449 ὁ
681 2421 773 2457 Κέβης.
801 2422 856 2471 ἐμοὶ
872 2421 924 2460 γὰρ
941 2423 1060 2457 φαίνεται

268 2464 304 2491 ἔτι
321 2465 348 2491 ἐν
364 2464 399 2499 τῷ
418 2461 486 2491 avus]
504 2475 518 2491 ο
537 2462 615 2501 λόγος
632 2461 708 2495 εἶναι,
730 2465 784 2495 καί,
808 2464 872 2501 ὅπερ
894 2476 921 2492 εν
941 2466 996 2495 τοῖς
1014 2464 1057 2500 ἔμ-

265 2508 402 2555 προσθεν
411 2507 539 2554 ἐλέγομεν,
562 2503 658 2533 ταυτὸν
680 2506 790 2543 ἔγκλημα
813 2506 884 2541 ἐχειν.
911 2510 925 2524 *
953 2505 993 2534 ὅτι
1013 2507 1060 2543 μὲν

265 2547 316 2585 γὰρ
337 2547 368 2582 ἦν
387 2545 459 2584 ἡμῶν
479 2546 495 2582 ἧ
516 2546 587 2585 ψυχὴ
608 2560 649 2575 και
672 2547 733 2599 πρὶν
754 2547 790 2579 εἷς
807 2547 866 2576 τόδε
883 2547 914 2576 τὸ
932 2546 1000 2579 eidos·
1018 2549 1056 2575 ἐλ-

265 2593 338 2621 θεῖν,
358 2601 404 2618 ουκ
423 2587 581 2627 ἀνατίθεμαι
597 2589 632 2626 μὴ
650 2587 708 2624 οὐχὶ
725 2588 794 2617 πάνυ
810 2592 947 2627 χαριέντως
963 2591 1018 2623 καί,
1036 2589 1060 2618 εἷ

263 2631 298 2668 μὴ
321 2634 437 2667 ἐπαχθές
459 2635 528 2660 ἐστιν
545 2631 637 2665 εἰπεῖν,
659 2629 729 2659 πάνυ
747 2632 839 2663 ἱκανῶς
857 2630 1057 2668 ἀποδεδεῖχθαι·

264 2672 299 2706 ὥς
316 2674 404 2702 δὲκαὶ
421 2672 616 2702 ἀποθανόντων
633 2673 704 2711 ἡμῶν
726 2675 761 2702 ἔτι
782 2686 835 2702 που
858 2675 938 2707 ἔστιν,
961 2673 993 2702 οὔ
1012 2686 1058 2711 μοι

1113 235 1182 263 δοκεῖ
1203 236 1270 272 τῇδε.
1296 233 1330 265 ὦς
1350 236 1396 271 μὲν
1418 233 1463 262 ουκ
1482 234 1649 272 ἰσχυρότερον
1665 236 1708 263 καὶ
1725 235 1899 273 πολυχρονιῶ·

1112 288 1186 314 τερον
1203 276 1272 314 ψυχὴ
1291 275 1418 313 σώματος,
1437 275 1468 304 οὗ
1486 278 1606 315 ξυγχωρῶ
1624 277 1655 314 τῇ
1669 278 1782 314 Σιμμίου
1800 276 1898 314 ἀνειλή-

1111 328 1167 356 ψει·
1177 320 1257 359 ’δοκεῖ
1272 318 1323 356 γοὲρ
1339 329 1385 354 μοι
1402 319 1468 346 πᾶσι
1484 318 1586 350 τούτοις
1600 318 1669 347 πάνυ
1683 318 1750 347 πολὺ
1765 320 1900 357 διαφέρειν.

1112 362 1137 388 τί
1157 362 1203 389 οὖν
1226 359 1257 387 ὁῖν
1278 361 1342 396 φαίη
1360 359 1374 388 ὁ
1392 359 1470 398 λόγος
1488 362 1523 388 ἔτι
1541 359 1668 393 ἀπιστεῖς,
1691 359 1776 396 ἐπειδή
1792 373 1822 399 γε
1840 360 1902 399 ὄρᾷς

1112 400 1300 433 ἀποθανόντος
1321 402 1367 430 τοῦ
1389 399 1535 439 ἀνθρώπου
1556 401 1588 430 τό
1607 414 1637 440 γε
1655 401 1848 440 ἀσθενέστερον
1866 404 1901 431 ἔτι

1112 443 1153 477 ὅν,
1177 443 1208 472 τὸ
1231 445 1258 472 δὲ
1281 450 1285 464 ¹
1308 443 1543 481 πολυχρονιώτερον
1561 442 1592 472 οὗ
1610 445 1681 473 δοκεῖ
1697 456 1741 472 σοι
1760 442 1901 482 ἀναγκαῖον

1111 485 1176 514 εἶναι
1193 487 1229 514 ἒῑτι
1246 484 1382 518 σώζεσθαι
1399 489 1425 513 ἐν
1441 485 1523 522 τούτῳ
1542 487 1576 523 τῷ
1591 485 1690 523 χρόνῳς
1708 486 1774 523 πρὸς
1791 486 1821 522 δὴ
1838 487 1899 515 τοῦ-

1111 540 1141 556 το
1160 527 1218 556 τόδε
1237 529 1386 577 ἐπίσκεψαι,
1405 530 1431 555 εἲ
1444 540 1467 555 τι
1484 530 1559 565 λέγω
1586 527 1685 559 εἰκόνος
1701 528 1752 566 γαρ
1769 539 1849 561 τινος,
1867 527 1902 560 ὧς

1113 571 1189 602 ὲοικε,
1216 567 1287 608 κάγὼ
1309 569 1391 607 ω’ςπερ
1412 571 1523 606 Σιμιιιάς
1546 570 1642 618 δέομαι.
1676 571 1732 607 ἐμοὶ
1757 569 1808 608 γὰρ
1832 570 1902 598 δοκεῖ

1112 611 1207 648 ὁμοίως
1223 613 1350 649 λέγεσθαι
1367 612 1457 643 ταῦτα,
1476 611 1557 660 ώςπερ
1577 610 1608 639 α’ν
1624 622 1662 642 τις
1678 612 1738 649 περὶ
1756 610 1902 649 ἀνθρώπου

1110 652 1227 689 υφάντου
1249 652 1396 691 πρεσβύτου
1423 652 1611 684 ἀποθανόντος
1636 655 1706 691 λε’γοι
1731 665 1825 682 τουτον
1855 654 1902 682 τὸν

1111 695 1202 733 λόγον,
1225 695 1265 723 ὅτι
1284 707 1329 723 ουκ
1349 693 1480 723 ἀπόλωλεν
1497 707 1511 723 ο
1532 693 1687 732 α’νθρωπος,
1707 693 1759 723 ἀλλ’
1777 696 1831 724 ἔστι
1848 707 1902 724 που

1112 740 1184 787 ἴσως,
1203 736 1336 786 τεκμήριον
1354 738 1380 764 δὲ
1398 739 1538 788 παρέχοιτο
1556 736 1711 774 θοιματιον,
1731 736 1746 765 6
1763 735 1900 774 ἦμπείχετο

1112 778 1190 810 αυτὸς
1206 789 1375 815 υφηταμενος,
1394 779 1434 807 ὅτι
1452 780 1506 807 ἔστι
1524 779 1577 807 σῶν
1593 780 1637 806 καὶ
1655 777 1700 807 οὐκ
1716 777 1840 812 ἀπόλωλε,
1858 781 1902 808 καὶ

1111 825 1137 849 εἴ
1155 832 1191 852 τις
1209 819 1331 855 ἀπιστοίη
1350 833 1429 857 αυτῳ,
1453 819 1598 858 ἆνερωτῴη,
1615 820 1729 859 πότερον
1747 827 1751 842 ¹
1770 824 1899 859 πολυχρο-

1112 862 1231 900 νιώτερόν
1249 867 1303 890 ἐστι
1320 862 1350 890 τὸ
1368 865 1442 912 γένος
1461 861 1608 900 ἀνθρώπου
1624 862 1640 899 ἣ
1662 864 1765 900 ἱματίου
1787 867 1813 892 ἐν
1829 865 1902 902 χρείᾳ

1111 917 1138 933 τε
1157 904 1232 936 ὄντος
1249 905 1292 932 καὶ
1309 907 1479 941 φορουμένου,
1499 903 1706 942 αποκρι7αμένου
1723 906 1750 934 δέ
1766 916 1842 938 τινος,
1861 905 1902 934 ὅτι

1111 947 1178 975 πολὺ
1204 946 1234 975 τὸ
1261 958 1308 975 του
1335 945 1493 995 ἄνθρωπον,
1522 959 1604 975 οιοιτο
1633 945 1834 983 ἀποδεδεῖχθαι,
1861 947 1902 976 ὅτι

1111 988 1209 1020 παντὸς
1227 987 1278 1026 ἄρα
1294 989 1394 1025 μᾶλλον
1411 988 1426 1017 ὅ
1443 1000 1473 1027 γε
1492 987 1636 1026 α’νθρωπος
1653 990 1705 1021 σῶς
1722 992 1798 1022 ἐστιν,
1800 989 1901 1034 ἐπειδη

1111 1030 1142 1059 τό
1159 1043 1189 1069 γε
1207 1029 1451 1069 ὁλιγοχρονιωτερον
1469 1029 1515 1059 οὐκ
1534 1029 1658 1060 ἀπόλωλε.
1682 1031 1712 1060 τὸ
1731 1030 1765 1064 δ,
1784 1043 1902 1068 οιμαι,ω
1881 1032 1902 1059 ὦ

1110 1074 1220 1110 Σιμμία,
1243 1085 1291 1107 ουχ
1313 1072 1394 1104 οὕτως
1415 1074 1475 1108 ἔχει·
1499 1072 1591 1102 σκόπει
1611 1073 1662 1111 γὰρ
1680 1074 1723 1101 καὶ
1740 1073 1773 1102 σὺ
1791 1072 1808 1101 οιι
1825 1076 1900 1111 λέγω·

1110 1116 1162 1146 πᾶς
1180 1114 1212 1143 α“ν
1227 1114 1397 1152 υπολαβοι,
1388 1115 1428 1143 ότι
1445 1114 1540 1150 εὔηθες
1557 1118 1621 1153 λέγει
1640 1114 1654 1144 ὁ
1673 1116 1750 1144 τοῦτο
1769 1118 1854 1154 λέγων.
1887 1113 1901 1144 ὅ

1109 1157 1161 1210 γὰρ
1181 1168 1296 1193 υφαντης
1314 1158 1390 1188 οὑτος
1406 1157 1490 1185 πολλὰ
1508 1159 1670 1195 κατατρίψας
1687 1158 1795 1186 τοιαῦτα
1813 1156 1902 1195 ἱμάτια

1110 1200 1153 1227 καὶ
1173 1198 1336 1247 ὖφηναμενος
1358 1201 1457 1227 ἐκείνων
1476 1201 1523 1236 μὲν
1539 1199 1649 1237 ὕστερος
1666 1198 1783 1228 ἀπόλωλε
1801 1200 1903 1227 πολλῶν

1111 1240 1203 1274 ὄντων,
1222 1242 1269 1270 τοῦ
1288 1242 1315 1269 δὲ
1335 1247 1338 1262 ¹
1357 1243 1515 1274 τελευταίου,
1535 1253 1618 1278 οιμαι,
1636 1241 1775 1280 πρότερος,
1793 1242 1837 1269 καὶ
1855 1253 1900 1270 ου-

1111 1284 1151 1311 δέν
1172 1296 1196 1312 τι
1216 1283 1315 1320 μᾶλλον
1335 1282 1431 1312 τούτου
1452 1284 1524 1311 ἕνεκα
1547 1283 1692 1321 ἅνθρωπός
1713 1287 1782 1312 ἐστιν
1799 1284 1903 1321 ἱματίου

1109 1324 1271 1376 φαυλότερον
1293 1323 1349 1354 οὐδ’
1368 1324 1568 1363 ασθενεστερον.
1595 1326 1641 1361 τὴν
1659 1324 1738 1361 αὐτὴν
1755 1326 1782 1354 δὲ
1798 1338 1901 1361 ταυτην,

1111 1372 1190 1405 οἱμαι,
1209 1367 1295 1396 εἷκόια
1315 1365 1405 1399 δέξαιτ’
1423 1366 1454 1395 liv
1471 1367 1540 1405 ’Ψυχὴ
1558 1368 1624 1406 πρὸς
1642 1368 1729 1405 σῶμα,
1747 1369 1791 1396 καί
1806 1378 1844 1399 τις
1860 1370 1900 1396 λε’-

1109 1422 1163 1448 γων
1185 1408 1250 1438 αυτὰ
1273 1410 1355 1437 ταυτα
1377 1410 1436 1447 περὶ
1459 1408 1543 1438 αυτῶν
1563 1408 1640 1447 μετρι)
1662 1423 1694 1438 αν
1714 1422 1759 1447 μοι
1782 1411 1901 1446 φαίνοιτο

1110 1455 1201 1490 λέγειν,
1224 1450 1258 1483 ῶς
1274 1450 1290 1487 ἧ
1306 1454 1354 1489 μὲν
1369 1451 1438 1489 ψυχὴ
1457 1451 1628 1490 πολυχρόνιον
1646 1454 1711 1484 ἐστί,
1734 1451 1764 1480 τὸ
1783 1453 1810 1480 δὲ
1827 1453 1902 1489 σῶμα

1111 1492 1306 1531 ἀσθενέστερον
1319 1494 1363 1521 καὶ
1378 1492 1628 1532 ὀλιγοχρονιωτερον
1648 1492 1712 1522 ἀλλὰ
1726 1494 1778 1532 γὰρ
1794 1492 1825 1522 οἷν
1839 1496 1903 1530 φαίη

1110 1535 1220 1589 ἑκαστην
1237 1537 1287 1564 τῶν
1304 1536 1394 1573 ψυχῶν
1410 1536 1495 1564 πολλὰ
1511 1548 1620 1574 σωματα
1634 1537 1802 1574 κατατριβειν,
1822 1535 1903 1567 ἄλλως

1110 1591 1136 1607 τε
1159 1579 1202 1606 καὶ
1223 1578 1245 1606 εἶ
1267 1577 1350 1606 πολλὰ
1373 1579 1415 1613 ἔτη
1433 1577 1505 1615 βιῴη·
1531 1578 1555 1607 εἶ
1575 1578 1626 1627 γὰρ
1649 1581 1702 1617 ῥέοι
1718 1578 1749 1606 τὸ
1768 1579 1843 1615 σῶμα
1860 1578 1904 1606 καὶ

1111 1619 1267 1649 απολλυοιτο
1291 1621 1327 1648 ἔτι
1349 1621 1441 1653 ζῶντος
1461 1620 1509 1649 τοῦ
1532 1619 1690 1674 ανθρωπου,
1718 1618 1770 1648 ἀλλ’
1792 1619 1808 1656 ἦ
1833 1619 1903 1672 ψυχὴ

1111 1661 1151 1691 ἀεὶ
1174 1662 1203 1691 τὸ
1230 1669 1234 1683 ¹
1259 1662 1477 1700 κατατριβόμενον
1501 1661 1644 1698 ἆνυφαίνοι,
1670 1661 1813 1701 ἇναγκαιον
1834 1660 1900 1713 μέντ’

1111 1704 1143 1732 (ἰν
1159 1708 1204 1740 εἴη,
1225 1703 1304 1733 ὅπότε
1324 1703 1480 1733 ἀπολλύοιτο
1498 1703 1513 1741 ἦ
1530 1704 1608 1742 ψυχή,
1627 1705 1656 1733 τὸ
1672 1704 1841 1734 τελευταῖον
1831 1704 1901 1741 ν’φα-

1110 1759 1164 1784 σμα
1181 1750 1266 1782 τυχεῖν
1284 1745 1363 1781 αὐτὴν
1381 1748 1492 1782 ἔχουσαν
1508 1748 1551 1775 καὶ
1569 1747 1664 1776 τούτου
1676 1746 1760 1784 μόνου
1773 1749 1904 1784 προτέραν

1111 1787 1292 1817 ἀπόλλυσθαι*
1321 1787 1481 1826 ἀπολομένης
1503 1790 1530 1817 δὲ
1547 1790 1591 1824 τῆς
1607 1790 1702 1827 ψυχῆς,
1724 1787 1777 1817 τότ’
1793 1788 1841 1824 ἤδη
1857 1788 1904 1824 τὴν

1110 1830 1188 1867 φύσιν
1211 1832 1255 1866 τῆς
1277 1829 1418 1862 ἀσθενείας
1440 1831 1591 1860 ἐπιδεικνύοι
1613 1831 1644 1860 τὸ
1669 1832 1744 1868 σῶμα
1769 1831 1813 1858 καὶ
1838 1830 1903 1866 ταχὺ

1111 1875 1195 1902 σαπὲν
1218 1874 1349 1908 διοίχοιτο.
1377 1873 1438 1905 ὥςτε
1465 1886 1547 1910 τουτῳ
1574 1874 1609 1910 τῷ
1635 1873 1704 1912 λόγῳ
1731 1871 1803 1902 οὔπω
1830 1871 1904 1905 α’ξιον

1110 1915 1286 1944 πιστεύσαντα
1309 1918 1433 1967 θαρρεἶι,
1457 1927 1502 1948 ως,
1527 1902 1630 1944 ἐπειδὰν
1652 1914 1843 1952 ἆποθανωμεν,
1868 1916 1904 1943 ἔτι

1110 1970 1163 1986 που
1183 1956 1254 1995 ἡμῶν
1274 1955 1290 1993 ἦ
1311 1957 1380 1994 ψυχὴ
1403 1958 1479 1986 ἔστιν
1507 1962 1519 1975 *
1546 1958 1568 1986 εἳ
1588 1970 1640 1996 γαρ
1658 1968 1695 1989 τις
1712 1958 1756 1985 καὶ
1771 1958 1876 1985 πλέον’
1868 1958 1903 1985 ε’τι

1110 2001 1145 2037 τῷ
1162 2002 1261 2053 λέγοντι
1277 1998 1293 2034 ἢ
1312 1999 1328 2027 α’
1347 2000 1380 2028 σὺ
1402 2002 1480 2038 λέγεις
1501 1999 1682 2038 ξυγχωρήσειε,
1706 1999 1766 2031 δους
1784 1997 1852 2036 αὖτῷ
1868 1998 1903 2036 μὴ

1109 2041 1192 2079 μόνον
1210 2045 1235 2070 ἐι
1252 2042 1286 2078 τῷ
1303 2043 1365 2079 πρὶν
1378 2043 1421 2069 καὶ
1435 2044 1563 2080 γενέσθαι
1576 2041 1644 2079 ἡμᾶς
1655 2040 1741 2079 χρόνῳ
1755 2046 1820 2070 εἰναι
1833 2040 1904 2079 ἡμῶν

1109 2083 1155 2119 τὴν
1171 2083 1267 2121 ψυχήν,
1287 2082 1351 2111 αλλὰ
1367 2085 1446 2121 μηδὲν
1462 2083 1577 2117 κωλύειν,
1595 2086 1650 2117 καί,
1669 2083 1772 2112 ἐπειδὰν
1790 2081 1902 2112 &noba-

1110 2138 1198 2163 τωμει,
1218 2127 1289 2154 ἐνίων
1307 2127 1342 2154 ἔτι
1359 2137 1423 2154 ειναι
1440 2127 1484 2154 καὶ
1502 2127 1615 2155 ἔσεσθαι
1632 2127 1675 2154 καὶ
1692 2125 1815 2157 πολλακις
1827 2124 1901 2175 γενή-

1111 2172 1213 2196 σεσθαι
1230 2169 1273 2196 καὶ
1291 2166 1497 2197 ἀποθανεῖσθαι
1512 2169 1603 2200 αὖθις·
1623 2180 1690 2197 ουτω
1704 2168 1756 2207 γὰρ
1772 2166 1835 2196 αὐτὸ
1851 2166 1901 2204 φύ-

1111 2222 1150 2238 σει
1172 2209 1279 2248 ἰσχυρὸν
1299 2209 1376 2243 εἶναι,
1399 2210 1460 2242 ω’ςτε
1482 2209 1605 2242 πολλακις
1620 2212 1772 2249 γιγνομένην
1788 2209 1834 2245 τὴν
1849 2219 1901 2263 ’ψυ-

1108 2264 1157 2302 χην
1174 2250 1296 2288 αντέχειν·
1325 2252 1385 2284 δοὺς
1403 2253 1429 2281 δὲ
1446 2253 1529 2281 ταῦτα
1548 2256 1627 2281 ἐκεῖνο
1644 2255 1731 2290 μηκέτι
1749 2253 1902 2290 συγχωροίη,

1109 2294 1143 2332 μὴ
1166 2292 1197 2323 οὗ
1218 2297 1308 2323 πονεῖν
1330 2293 1409 2330 αυτὴν
1427 2298 1453 2323 ἐν
1469 2298 1526 2326 ταῖς
1542 2297 1651 2326 πολλαῖς
1666 2297 1782 2333 γενέσεσι
1799 2294 1843 2322 καὶ
1860 2305 1901 2322 τε-

1110 2335 1241 2365 λευτῶσοῖν
1261 2348 1291 2374 γε
1313 2337 1339 2364 ἕν
1356 2349 1404 2365 τινι
1421 2337 1472 2365 τῶν
1489 2336 1616 2365 θανατων
1631 2348 1801 2365 πανταπασιν
1818 2334 1902 2364 απόλ-

1109 2381 1221 2407 λυσθαι“
1240 2379 1334 2407 τοῦτον
1351 2379 1378 2407 δὲ
1395 2378 1442 2407 τὸν
1458 2378 1581 2408 θανατον
1598 2379 1641 2407 καὶ
1655 2391 1750 2414 ταυτην
1763 2378 1809 2414 τὴν
1825 2384 1829 2399 ¹
1845 2376 1903 2406 διοί-

1109 2423 1182 2449 λυσιν
1198 2421 1246 2449 τοῦ
1263 2420 1392 2458 σώματος,
1409 2420 1426 2456 ἢ
1443 2434 1474 2458 τη
1491 2422 1562 2459 ψυχῇ
1578 2423 1650 2459 φέρει
1667 2419 1790 2458 ὄλεθρον,
1807 2421 1902 2458 μηδένα

1108 2464 1173 2500 φαίη
1195 2463 1301 2491 εἰδέναι·
1335 2461 1464 2492 ἀδύνατον
1485 2463 1537 2513 γὰρ
1560 2468 1624 2492 εἶναι
1648 2461 1748 2500 οτῳοῦν
1769 2461 1900 2491 αι’,σθανε-

1110 2508 1180 2533 σθαι
1196 2503 1277 2542 ἡμῶν
1305 2504 1328 2533 εἲ
1349 2506 1376 2534 δὲ
1397 2506 1475 2534 τοῦτο
1498 2506 1580 2537 οὕτως
1597 2506 1658 2541 ἔχει,
1681 2492 1766 2533 ουδενὶ
1782 2503 1902 2542 προςήκει

1109 2546 1232 2576 θανατον
1252 2547 1400 2586 θαῤῥοῦντι
1419 2547 1454 2585 μὴ
1476 2546 1522 2576 οὐκ
1545 2545 1659 2583 ἇνοήτως
1676 2549 1800 2585 θαρρεἶν,
1823 2545 1852 2578 ὃς
1869 2544 1902 2574 ἂν

1107 2602 1142 2639 μη
1160 2602 1205 2626 εχῃ
1223 2587 1401 2622 ἀποδεῖξαι,
1390 2590 1430 2618 ότι
1449 2591 1503 2619 ἔστι
1519 2589 1589 2627 ψυχὴ
1605 2588 1775 2618 παντάπασιν
1792 2587 1899 2617 ἀθάνα-

1108 2630 1155 2660 τόν
1176 2643 1203 2660 τε
1224 2632 1268 2659 και
1285 2629 1449 2670 ἀνώλεθρον·
1477 2632 1501 2660 εἶ
1522 2633 1549 2660 δὲ
1568 2630 1618 2669 μή,
1641 2629 1755 2670 ἆνοὲγκην
1775 2629 1840 2659 εἶναι
1862 2628 1903 2658 ἇεὶ

1108 2673 1154 2702 τὸν
1174 2676 1298 2711 μέλλοντα
1322 2671 1529 2703 ἀποθανεῖσθαι
1551 2674 1656 2702 δεδιέναι
1678 2672 1742 2711 ὑπὲρ
1760 2673 1804 2709 τῆς
1821 2671 1902 2701 αὖτοῦ
