1998 3084
93 1299 128 1317 756

5 191 129 555 ι

14 1174 117 1379 Ξ

111 1635 127 1652 Β

99 1664 118 1711 Ἰ

698 161 756 186 DE
797 160 1047 187 LEGIBUS
1086 162 1184 187 LlB.

160 241 210 269 λῶν
231 239 362 278 κοσμητὰς
382 239 432 268 τῶν
454 238 562 272 τάξεων,
589 237 628 270 οἷς
649 241 749 277 πρέπον
771 238 803 267 ἂν
824 242 861 274 εἴη
883 237 952 267 τουτ’

139 302 145 314 -,
162 282 225 311 αὐτὸ
247 281 362 331 τρύνρμα
387 281 513 319 μαλιστα,
541 279 597 310 οἷον
623 282 666 308 καὶ
689 282 714 308 οἱ
736 282 828 309 πολλοὶ
846 280 951 331 ταξιάρ-

135 352 138 363 ,
143 316 221 360 χους
239 323 333 355 αὐτους
350 322 547 360 ἐπονομαζουσι.
565 323 664 351 τούτων
682 323 712 358 δὴ
730 334 891 361 στρατηγους
906 325 954 360 μὲν

160 369 187 398 ἐξ
205 365 281 402 αὐτῆς
298 365 341 400 τῆς
357 364 456 396 πόλεως
477 364 571 400 ταύτης
592 366 618 393 οἱ
640 364 817 401 νομοφύλακες
833 366 951 402 προβαλ-

159 410 274 440 λέσθων,
298 408 442 445 αἱρείσθων
463 405 487 434 δ’
507 410 533 434 ἐκ
555 407 606 435 τῶν
631 407 834 444 προβληθέντων
858 405 952 438 πάντες

160 451 185 478 οῖ
201 449 248 477 τοῦ
266 451 381 486 πολέμου
397 449 516 477 κοινωνοὶ
531 448 667 486 γενόμενοί
682 461 709 477 τε
727 452 754 476 ἐν
771 451 828 479 ταῖς
847 447 953 484 ἡλικίαις

158 492 200 520 καὶ
217 490 364 529 γιγνόμενοι
380 489 512 519 ἑκάστοτε.
532 490 576 519 ἐὰν
594 492 621 518 δέ
637 501 674 522 τις
693 489 744 527 ἄρα
760 490 823 527 δοκῇ
839 491 887 518 τινὶ
902 490 952 518 usae

156 533 191 571 μὴ
207 533 418 570 προβεβλημένων
436 539 441 553 ¹
461 531 570 570 ἀμείνων
592 531 656 560 εἶναι
678 533 728 560 τῶν
748 533 951 570 προβληθέντων

157 574 237 607 τινός,
268 573 437 611 ἐπονομάσας
467 573 529 603 ἀνθ’
558 574 621 603 ὅτου
651 573 738 603 ὅντινα
768 572 950 611 προβάλλεται,

157 615 224 645 τοῦτ’
245 615 309 644 αὐτὸ
328 614 406 653 ὀμνὺς
424 614 674 654 ἀντιπροβαλλέσθω
692 616 739 644 τὸν
757 616 853 653 ἕτερον·
881 614 948 644 ὁπό-

156 669 229 696 τερος
247 656 270 685 δ’
292 657 324 686 ἄν
346 657 409 695 δόξῃ
432 658 712 696 διαχειροτονούμενος,
736 658 772 689 εἷς
789 657 834 693 τὴν
852 658 951 694 αἵρεσιν

156 703 319 739 ἐγκρινέσθω.
340 703 407 737 τρεῖς
424 701 458 733 δέ,
477 699 515 732 οἷς
532 699 565 729 ἂν
584 699 600 736 ᾖ
622 701 728 735 πλείστη
743 700 890 737 χειροτονία
907 701 948 737 γί-

122 754 256 821 ‘ymnum
282 741 391 773 τούτους
412 741 476 770 εἶναι
501 741 662 781 στρατηγούς
683 754 709 770 τε
731 742 775 769 καὶ
800 741 951 778 ἐπιμελητὰς

155 785 205 812 τῶν
222 783 288 812 κατὰ
306 783 428 821 πόλεμον,
447 785 661 822 δοκιμασθέντων
678 782 805 821 καθάπερ
824 784 850 811 οῖ
868 795 948 820 νομο-

122 782 270 863 λφύλακες.
305 825 460 863 ταξιάρχους
490 827 517 854 δὲ
548 825 652 854 αὑτοῖσι
676 824 879 864 προβάλλεσθαι
903 827 950 862 μὲν

111 868 215 899 Ετοὺς
241 869 396 906 αῖρεθέντας
417 868 577 907 στρατηγοὺς
599 867 707 900 δώδεκα,
734 866 832 904 ἑκάστῃ
857 867 925 904 φιυλῇ
944 871 949 888 ⁸

154 912 304 948 ταξίαρχον·
332 910 377 946 τὴν
399 909 423 937 δ’
444 909 632 948 ἀντιπροβολὴν
653 909 729 942 εἶναι,
756 907 882 946 καθάπερ
900 908 951 936 τῶν

111 906 305 990 Ιστρατηγῶν
323 954 447 990 ἐγίγνετο,
467 952 512 987 τὴν
534 951 612 987 αὐτὴν
633 952 677 979 καὶ
697 952 757 989 περὶ
773 951 824 979 τῶν
841 952 948 988 ταξιαρ-

151 994 205 1030 χῶν
222 995 265 1022 καὶ
282 994 327 1029 τὴν
345 996 546 1032 ἐπιχειροτονίαν
560 994 603 1021 καὶ
617 993 662 1028 τὴν
677 995 766 1031 κρίσιν.
784 992 830 1021 τὸν
846 993 873 1020 δέ
888 991 948 1024 ξύλ-

154 1039 233 1075 λογον
254 1037 347 1064 τοῦτον
369 1039 395 1063 ἐν
415 1036 451 1073 τῷ
470 1035 593 1073 παρόντι,
619 1036 680 1073 πρὶν
701 1033 837 1072 πρυτάνεις
858 1046 885 1062 τε
907 1035 950 1062 καὶ

155 1077 248 1115 βουλὴν
269 1076 402 1115 ᾑρῆσθαι,
428 1077 489 1109 τοὺς
514 1076 697 1115 νομοφύλακας
723 1078 894 1108 συλλέξαντας
915 1076 951 1107 εἷς

151 1121 247 1158 χωρίον
268 1118 302 1150 ὦς
323 1119 463 1157 ἱερώτατόν
484 1131 511 1148 τε
529 1121 573 1147 καὶ
589 1118 749 1147 ἱκανώτατον
765 1119 879 1146 καθίσαι
895 1130 947 1154 χω-

123 1163 192 1243 ὃρῖς
207 1164 254 1199 μὲν
272 1161 332 1193 τοὺς
350 1161 463 1195 ὁπλίτας,
479 1163 558 1199 χωρὶς
575 1162 602 1190 δὲ
620 1161 681 1191 τοὺς
699 1162 800 1193 ἱππέας,
818 1162 906 1198 τρίτον
923 1159 947 1187 δἶ

123 1194 244 1243 ᾒέφεξῆς
264 1203 367 1235 τούτοις
387 1205 441 1232 πᾶν
463 1203 529 1232 ὅσον
550 1206 714 1241 ἐμπολέμιον·
730 1202 950 1240 χειροτονούντων

155 1247 182 1274 δὲ
204 1245 365 1284 στρατηγοὺς
384 1249 431 1283 μέν
454 1246 510 1284 [καὶ
532 1245 692 1284 ἱππάρχους]
715 1255 818 1277 παντες,
840 1243 949 1284 ταξιαρ-

152 1299 214 1324 χους
233 1289 259 1316 δὲ
278 1289 304 1316 οἱ
321 1288 366 1323 τὴν
387 1292 399 1306 *
423 1287 521 1316 ασπίδα
539 1290 678 1325 τιθέμενοι.
705 1286 853 1324 φυλάρχους
871 1287 898 1314 δὲ
917 1298 949 1314 αυ

153 1329 256 1365 τούτοις
276 1330 330 1358 πᾶν
349 1329 380 1358 τὸ
403 1330 509 1358 ἱππικὸν
527 1331 669 1368 αἱρείσθω,
691 1329 775 1367 ψιλῶν
792 1327 852 1357 δέ’
836 1341 852 1380 η
870 1331 947 1360 τοξο-

154 1373 204 1400 τῶν
221 1371 236 1407 η’
254 1383 322 1404 τινος
341 1370 418 1400 ὄῖλλου
435 1372 485 1400 τῶν
504 1374 662 1410 ἐμπολεμίων
678 1370 808 1410 ἡγεμόνας
825 1371 851 1399 οἳ
866 1383 947 1408 στρα-

128 1415 228 1453 .τηγοῖ
245 1416 346 1446 ἑαυτοῖς
363 1413 555 1443 καθισταντων.
582 1413 720 1451 ἱππάρχων
741 1413 771 1448 δη
789 1424 950 1444 καταστασις

155 1469 186 1484 αν
207 1455 266 1494 ἡμῖν
289 1458 324 1484 ἔτι
345 1456 421 1492 λοιπὴ
443 1458 567 1496 γίγνοιτο.
597 1455 706 1487 τούτους
732 1456 779 1484 οὖν
803 1455 947 1493 προβαλλέ-

154 1502 232 1526 σθων
247 1501 294 1536 μέν
317 1499 390 1536 οἵπερ
411 1499 456 1526 καὶ
476 1498 537 1530 τοὺς
558 1497 720 1536 στρατηγοὺς
744 1496 949 1535 προυβαλλοντο,

153 1540 198 1590 την
216 1541 243 1568 δὲ
261 1541 359 1578 αἵρεσιν
380 1541 424 1568 καὶ
445 1540 490 1576 τὴν
512 1539 701 1578 ἀντιπροβολὴν
721 1539 820 1568 τούτων
838 1539 883 1575 τὴν
901 1538 948 1567 αὗ-

152 1582 197 1618 τὴν
222 1584 364 1621 γίγνεσθαι
389 1582 514 1620 καθαπερ
535 1582 551 1618 ἢ
572 1582 624 1611 τῶν
649 1582 801 1635 στρατηγῶν
827 1583 949 1620 ἐγίγνετο,

151 1626 328 1662 χειροτονείτω
355 1625 382 1652 δὲ
407 1624 437 1653 τὸ
460 1624 568 1653 ἱππικὸν
589 1622 685 1656 αὖτοὺς
708 1625 824 1653 ἐναντίον
842 1628 846 1644 ¹
866 1622 948 1661 ορών-

153 1679 204 1705 των
221 1666 272 1695 τῶν
287 1666 376 1699 πεζῶν,
395 1665 441 1695 δύο
460 1667 495 1699 δέ,
514 1665 553 1698 οἷς
571 1678 603 1695 αν
619 1668 726 1702 πλείστη
741 1667 889 1704 χειροτονία
907 1667 947 1704 γί-

153 1704 251 1747 γνηται,
269 1708 378 1740 τούτους
394 1708 522 1747 ἡγεμόνας
539 1707 605 1737 εἶναι
625 1707 730 1737 πάντων
752 1708 801 1736 τῶν
823 1707 948 1736 ἶππευόν·

153 1763 210 1779 των
229 1751 275 1782 τὰς
293 1752 319 1779 δὲ
338 1749 535 1788 ἁμφιςβητήσεις
548 1750 600 1780 τῶν
612 1750 777 1788 χειροτονιῶν
789 1752 864 1788 μέχρι
879 1751 950 1778 δυοῖν

154 1797 228 1821 εἰναι·
247 1792 276 1821 τὸ
296 1794 323 1821 δὲ
340 1795 426 1831 τρίτον
444 1793 489 1821 εὰν
508 1792 651 1831 ἆμφιςβητῇ
669 1804 719 1825 τις,
742 1794 950 1845 διαψηφίζεσθαι

130 1846 261 1910 ἱῖουῖθυς
283 1839 369 1873 θίςπθρ
391 1836 435 1871 Τῆς
454 1837 616 1873 χείροῒονίᾱς
635 1847 731 1873 μδῖρον
752 1837 872 1865 Examen?
890 1846 948 1862 ἕκα-

155 1889 218 1906 στον
234 1890 271 1914 ην
315 1884 343 1905 V.
362 1877 465 1913 Βουλὴν
486 1878 514 1906 δὲ
531 1876 595 1906 εἶναι
611 1880 659 1915 μὲν
675 1876 814 1915 τριάκοντα
837 1876 949 1904 δωδεκα·

154 1920 200 1951 δας
218 1937 257 1941 -
274 1918 396 1955 ἑξηκοντα
415 1920 441 1948 δὲ
459 1921 503 1948 καὶ
520 1918 666 1958 τριακόσιοι
688 1921 819 1958 γίγνοιντο
838 1931 870 1947 αν
886 1920 948 1956 πρέ-

153 1972 246 1993 ποντες
265 1965 323 1993 ταῖς
345 1963 479 1999 διανομαῖς
500 1979 541 1983 ——-
561 1964 625 1999 με’ρη
648 1962 675 1990 δὲ
697 1962 876 1999 διανείμαντας
893 1963 945 1989 τέτ-

153 2015 220 2042 ταρα
237 2003 304 2032 κατὰ
322 2003 470 2040 ενενήκοντα
490 2011 493 2024 ¹
513 2004 559 2032 τὸν
581 2003 700 2042 ἀριθμὸν
720 2003 819 2032 τούτων
841 2006 868 2035 ἐξ
888 2002 948 2031 ἑκά-

155 2058 220 2074 στου
244 2045 295 2074 τῶν
320 2045 467 2083 τιμημάτων
497 2049 584 2084 φέρειν
616 2045 765 2081 ἐνενήκοντα
799 2044 948 2097 βουλευτας’

154 2087 258 2126 πρῶτον
273 2090 320 2138 μὲν
337 2092 363 2116 ἐκ
381 2088 432 2116 τῶν
447 2090 576 2127 μεγίστων
597 2087 744 2139 τιμημάτων
767 2087 885 2119 α’παντας
901 2090 948 2124 φέ-

154 2142 206 2167 ρειν
224 2132 250 2162 ἐξ
268 2142 390 2168 αναγκης,
413 2129 428 2166 ἢ
446 2130 606 2167 ζημιοῦσθαι
624 2130 671 2158 τὸν
686 2143 722 2168 μη
739 2129 902 2167 πειθόμενον
919 2130 950 2167 τῇ

155 2170 254 2209 δοξάσῃ
272 2174 355 2210 ζημίᾳ
384 2172 486 2200 ἐπειδὰν
504 2171 527 2200 δ’
549 2172 685 2208 ἐνεχθωσι,
708 2171 817 2204 τούτους
837 2175 884 2209 μὲν
902 2184 948 2199 κα-

154 2213 367 2251 τασημήνασθαι,
385 2214 416 2251 τῇ
435 2212 458 2242 δ’
474 2213 599 2252 ὑστεραίᾳ
613 2217 699 2252 φέρειν
717 2218 742 2243 ἐκ
761 2214 811 2243 τῶν
829 2215 952 2251 δευτέρων

154 2267 299 2293 τιμηματων
319 2256 386 2284 κατὰ
407 2255 502 2289 ταῦτα,
524 2256 650 2294 καθαπερ
672 2257 704 2294 τῇ
725 2256 861 2294 πρόσθεν,
879 2258 951 2294 τρίτῃ

155 2296 179 2325 δ’
199 2301 225 2325 ἐκ
242 2298 292 2326 usne
309 2299 400 2336 τρίτων
417 2297 564 2336 τιμημάτων
581 2301 667 2336 φέρειν
686 2301 734 2336 μὲν
755 2298 802 2334 τὸν
820 2298 949 2336 βουλόμε-

154 2351 211 2372 νον,
230 2339 389 2381 ἐπάναγκες
394 2341 421 2377 δὲ
442 2345 507 2368 εἶναι
528 2343 584 2372 τοῖς
605 2340 656 2369 τῶν
675 2347 678 2361 ¹
698 2333 774 2379 τριῶν
794 2340 950 2378 τιμημάτων,

154 2381 185 2410 τὸ
208 2382 235 2410 δὲ
255 2382 379 2420 τέταρτόν
400 2394 427 2411 τε
449 2395 493 2410 και
515 2381 690 2419 σμικρότατον
712 2382 852 2420 ἐλεύθερον
874 2380 949 2418 ἀφεῖ-

156 2426 226 2452 σθαι
252 2435 295 2453 ττις
321 2426 408 2462 ζημίας
433 2435 462 2456 ος
484 2436 516 2452 αν
539 2422 623 2452 αυτῶν
647 2425 682 2462 μὴ
710 2424 833 2477 βούληται
858 2427 950 2462 φέρειν.

154 2464 265 2503 τετάρτῃ
283 2466 308 2494 δὲ
326 2469 411 2504 φέρειν
431 2469 478 2503 μέν
496 2470 522 2494 ἐκ
539 2466 586 2494 τοῦ
604 2478 729 2504 τεταρτου
746 2468 789 2495 καὶ
808 2479 949 2504 σμικροτα-

154 2519 202 2535 του
218 2519 359 2544 τιμηματος
381 2507 509 2540 ἅπαντας,
533 2506 639 2545 ἀζήμιον
661 2506 684 2535 δ’
704 2507 767 2536 εἶναι
789 2508 835 2537 τὸν
857 2512 882 2536 ἐκ
905 2509 951 2537 τοῦ

154 2547 280 2586 τετάρτου
297 2561 339 2577 και
358 2551 446 2587 τρίτου
463 2549 615 2587 τιμήματος,
638 2549 683 2578 ἐὰν
705 2553 814 2589 ἐνεγκεῖν
833 2550 868 2588 μὴ
888 2550 949 2587 βού-

154 2593 238 2626 ληται·
256 2590 303 2619 τὸν
320 2588 344 2619 δ’
361 2595 387 2620 ἐκ
404 2592 451 2620 τοῦ
469 2592 588 2629 δευτέρου
604 2592 648 2619 καὶ
665 2591 770 2629 πρώτου
785 2592 821 2630 μὴ
838 2595 951 2630 φέροντα

154 2632 325 2669 ζημιοῦσθαι,
353 2633 399 2662 τὸν
417 2635 465 2682 μὲν
487 2636 512 2660 ἐκ
536 2634 581 2661 τοῦ
604 2633 722 2671 δευτέρου
743 2636 881 2672 τριπλασίᾳ
909 2634 952 2670 τῆς

979 2617 982 2681 A

1227 162 1274 189 Vl.
1757 164 1804 189 427

1005 242 1108 277 πέμπτῃ
1131 241 1157 268 δὲ
1179 238 1258 289 ημέρᾳ
1280 241 1313 268 τὰ
1335 244 1573 278 κατασημανθέντα
1601 240 1718 279 ὀνόματα
1746 244 1799 274 ἐξε-

1005 285 1102 331 νεγκεῖν
1121 284 1169 318 μὲν
1190 293 1250 313 τους
1272 282 1400 333 α’ρχοῗντας
1426 283 1487 311 ἶδειν
1509 284 1575 311 πᾶσι
1596 287 1652 315 τοῖς
1674 285 1800 316 πολίταις,

1004 326 1089 360 φέρειν
1107 322 1130 350 ὃ
1149 327 1174 351 ἐκ
1193 324 1290 352 τούτων
1309 338 1341 352 αυ
1359 338 1445 353 παντα
1465 324 1579 363 ἄνδρα
1564 338 1579 361 η
1595 325 1755 362 ζημιουσθαι
1769 325 1800 362 τῇ

1003 377 1093 417 πρωτῃ
1115 367 1196 402 ζημίᾳ.
1224 364 1384 404 ὀγδοήκοντα
1412 368 1438 395 δὲ
1464 380 1508 395 και
1533 367 1626 396 ἑκατὸν
1652 370 1801 399 ἐκλέξαντας

1004 405 1047 443 αφ’
1076 406 1192 435 ἑκάστων
1222 409 1272 436 τῶν
1298 421 1457 446 τιμηματων,
1493 409 1553 440 τοὺς
1576 408 1676 458 ῃμίσεις
1702 409 1800 437 τούτων

1004 447 1241 486 αποκληρώσαντας
1259 449 1410 501 δοκιμασαι,
1433 450 1542 482 τούτους
1560 450 1667 479 δεῖναι
1685 451 1731 479 τὸν
1749 455 1793 479 ἐνι-

1003 490 1083 518 αυτὸν
1101 490 1245 527 βουλευτας
1287 491 1323 519 ‘H
1336 495 1383 530 μὲν
1401 504 1498 545 αιρεσις
1515 505 1582 521 ουτω
1599 497 1736 532 γιγνομένη
1752 496 1797 531 μέ-

1003 544 1052 560 σον
1078 531 1110 560 ιἰν
1137 534 1190 567 ἒχοι
1214 534 1371 571 μοναρχικῆς
1391 535 1434 562 καὶ
1457 536 1640 573 δημοκρατικῆς
1660 537 1798 567 πολιτείας,

1000 570 1030 609 ἧς
1048 573 1088 602 αεὶ
1107 575 1145 602 δεῖ
1160 586 1276 611 μεσευειν
1294 575 1339 611 τὴν
1359 578 1501 605 πολιτείαν“
1529 577 1616 605 δουλοι
1637 590 1689 615 γαρ
1708 589 1739 605 αν
1757 590 1798 605 και

1001 616 1127 644 δεσπόται
1146 614 1192 644 αὗκ
1211 615 1243 644 οἶν
1261 621 1273 635 *
1291 630 1355 646 ποτε
1372 621 1487 656 γένοιντο
1506 621 1587 655 φίλοι,
1607 617 1666 647 ουδὲ
1685 623 1710 647 ἐν
1728 623 1796 650 ἰσαις

1001 661 1086 695 τιμαῖς
1096 657 1313 712 διαγορευόμενοι
1331 660 1427 695 φαῦλοι
1444 662 1487 687 καὶ
1506 662 1653 689 σπουδαῖοι,
1677 665 1731 692 τοῖς
1747 661 1799 699 γὰρ
1829 674 1832 680 ·

1003 698 1102 731 ἇνίσοις
1119 700 1150 727 τὰ
1170 703 1214 728 ἴσα
1234 700 1311 729 ἄνισα
1329 700 1433 751 γίγνοιτ
1455 701 1493 734 ἂν,
1521 703 1544 730 εἰ
1559 702 1595 740 μὴ
1612 702 1735 741 τυγχάνοι
1752 703 1799 731 τοῦ

999 744 1102 779 μέτρου.
1130 741 1171 769 διὰ
1191 742 1243 780 γὰρ
1266 742 1401 781 ἀμφότερα
1423 744 1505 772 ταῦτα
1533 756 1651 772 στασεων
1673 746 1701 772 αἱ
1722 747 1796 773 πολι-

1001 787 1067 812 τεῖαι
1084 784 1248 821 πληροῦνται
1275 785 1387 817 παλαιὸς
1407 785 1458 824 γὰρ
1481 785 1558 824 λόγος
1581 784 1683 821 αληθὴς
1704 785 1747 820 ω’ν,
1766 786 1800 818 ὡς

1002 825 1091 861 ἶσότης
1108 825 1232 862 φιλοτητα
1256 825 1438 865 απεργαζεται,
1460 827 1531 880 μάλα
1551 830 1599 865 μὲν
1621 827 1712 865 ὀρθῶς
1729 831 1797 877 εἴρη-

1001 880 1044 895 ται
1070 869 1113 896 καὶ
1140 869 1262 905 ἐμμελῶς,
1289 868 1342 904 ἥτις
1366 868 1389 896 δ’
1411 872 1465 898 ἐστί
1486 882 1549 898 ποτε
1573 869 1662 905 ἰσότης
1683 869 1698 905 ἡ
1720 882 1798 898 τουτο

1002 908 1066 938 αὐτὸ
1089 911 1224 947 δυναμένη,
1248 910 1289 938 διὰ
1312 910 1341 939 τὸ
1363 911 1398 948 μὴ
1420 910 1524 961 σφόδρα
1544 912 1629 948 σαφὴς
1646 916 1710 940 εἶναι
1729 911 1797 948 σφό-

1002 952 1050 989 δρα
1068 951 1134 989 ημᾶς
1156 952 1326 1004 διαταράττει.
1354 954 1426 982 δυοῖν
1445 960 1449 974 ¹
1467 953 1519 992 γὰρ
1542 953 1673 989 ἰσοτήτοιν
1697 953 1798 988 ου’σαιν,

1002 992 1147 1030 ὁμωνύμοιν
1167 996 1225 1045 μέν,
1249 996 1314 1033 ἔργῳ
1337 996 1363 1023 δὲ
1385 995 1421 1026 εἷς
1441 995 1526 1024 πολλὰ
1549 996 1642 1031 σχεδὸν
1665 997 1797 1028 ἐναντίαιν,

1003 1035 1047 1070 τὴν
1066 1038 1114 1072 μὲν
1135 1037 1224 1073 ετέραν
1245 1036 1281 1068 εἷς
1302 1048 1349 1068 τας
1371 1037 1445 1074 τιμὰς
1468 1038 1543 1065 πᾶσα
1562 1038 1662 1069 πόλις
1653 1038 1727 1074 ικανὴ
1744 1050 1796 1065 πα-

1000 1080 1126 1115 ραγαγεῖν
1143 1078 1187 1105 καὶ
1203 1078 1256 1109 πᾶς
1273 1081 1427 1115 νομοθέτης,
1446 1079 1491 1115 τὴν
1504 1082 1587 1117 μέτρῳ
1603 1083 1660 1115 ἴσην
1674 1081 1717 1107 καὶ
1732 1092 1797 1108 στα-

1002 1120 1064 1156 θμῷ
1082 1120 1125 1147 καὶ
1144 1118 1259 1157 ἀριθμῷ,
1277 1120 1359 1158 κλήρῳ
1383 1120 1540 1149 ἀπευθύνων
1558 1122 1594 1153 εἷς
1610 1121 1657 1153 τὰς
1674 1121 1799 1159 διανομὰς

1001 1160 1089 1197 αῧτήν·
1108 1161 1153 1197 τὴν
1177 1162 1204 1190 δὲ
1223 1160 1406 1198 ἀληθεστάτην
1423 1164 1466 1190 καὶ
1485 1162 1591 1201 ἀρίστην
1609 1163 1717 1199 ἰσότητα
1736 1162 1796 1192 οὐκ·

1001 1206 1037 1231 έτι,
1060 1202 1150 1242 ῥᾴδιον
1171 1205 1249 1232 παντὶ
1271 1204 1344 1232 ἰδεῖν·
1374 1204 1437 1236 Διὸς
1457 1205 1509 1243 γὰρ
1532 1205 1562 1240 δι’]
1584 1207 1665 1243 κρίσις
1683 1206 1738 1234 ἐστὶ
1755 1206 1799 1233 καὶ

1001 1249 1056 1277 τοῖς
1074 1258 1106 1273 ατ
1109 1245 1229 1283 θρωποις
1247 1244 1286 1274 αεὶ
1305 1259 1399 1284 σμικρα
1416 1249 1464 1284 μέν
1482 1251 1593 1285 ἐπαρκει,
1616 1248 1670 1275 πᾶν
1687 1247 1743 1276 δὲ
1732 1247 1798 1276 ὅσον

1000 1299 1033 1315 αν
1059 1290 1188 1325 ἐπαρκέσῃ
1214 1287 1321 1317 πόλεσιν
1345 1288 1361 1324 ἢ
1387 1290 1431 1317 καὶ
1456 1289 1580 1322 ἰδιώταις,
1607 1287 1681 1318 πάντ’
1702 1288 1797 1328 αγαθὰ

1001 1327 1181 1367 ἆπεργαζεται·
1203 1336 1207 1351 ¹
1226 1342 1261 1358 τοι
1274 1333 1322 1382 μέν
1337 1344 1388 1383 γαρ
1404 1333 1500 1369 μείζονι
1517 1333 1602 1364 πλείω,
1625 1331 1660 1369 τῷ
1678 1330 1702 1359 δ’
1723 1331 1796 1360 ἐλατ-

1000 1384 1056 1400 τονι
1079 1371 1238 1424 σμικρότερα
1258 1376 1336 1410 νέμει,
1353 1373 1444 1411 μέτρια
1467 1373 1576 1402 διδοῦσα
1597 1373 1665 1411 πρὸς
1685 1373 1731 1409 τὴν
1749 1386 1796 1402 αυ-

1000 1413 1051 1442 τῶν
1067 1413 1146 1450 φύσιν
1164 1416 1281 1452 ἑκατέρω,
1300 1428 1343 1442 και
1362 1415 1391 1451 δὴ
1409 1417 1452 1443 καὶ
1469 1415 1544 1453 τιμὰς
1559 1418 1659 1453 μείζοσι
1671 1418 1718 1453 μὲν
1732 1415 1800 1454 πρὸς

1002 1453 1093 1493 ἀρετὴν
1112 1454 1151 1484 αεὶ
1167 1458 1274 1494 μείζους,
1302 1461 1357 1488 τοῖς
1375 1459 1401 1485 δὲ
1419 1456 1570 1486 τουναντίυν
1588 1459 1690 1493 ἔχουσιν
1709 1456 1800 1496 ἀρετῆς

1000 1509 1028 1526 τε
1050 1499 1092 1526 καῖ
1114 1500 1232 1530 παιδείας
1253 1498 1282 1527 τὸ
1305 1501 1407 1536 πρέπον
1430 1501 1559 1537 ἑκατέροις
1581 1498 1706 1537 ἀπονέμει
1731 1512 1797 1528 κατα

1000 1539 1086 1578 λόγον
1107 1541 1161 1568 ἔστι
1177 1540 1229 1578 γὰρ
1247 1540 1330 1577 δήπου
1348 1554 1391 1569 και
1408 1542 1438 1570 τὸ
1454 1541 1612 1570 πολιτικὸν
1600 1545 1659 1579 ημῖν
1674 1554 1713 1570 αει
1728 1539 1796 1571 τοῦτ’

1002 1580 1077 1615 αυτό,
1105 1582 1135 1610 τὸ
1159 1583 1327 1612 δίκαιον·οὖ
1349 1596 1392 1612 και
1413 1584 1457 1612 νῦν
1468 1584 1544 1634 ἡμας
1571 1583 1740 1622 ὀρεγομένους
1761 1585 1800 1612 δεῖ

1000 1625 1044 1652 καὶ
1061 1624 1128 1674 πρὸς
1144 1624 1238 1660 ταύτην
1256 1625 1301 1660 τὴν
1319 1625 1436 1661 ισότητα,
1460 1638 1479 1654 ω
1497 1628 1610 1659 Κλεινία,
1634 1625 1797 1663 αποβλέπον-

1001 1677 1047 1698 τας
1069 1666 1114 1702 τὴν
1134 1679 1179 1695 νυν
1202 1673 1206 1687 ¹
1217 1680 1365 1720 φυομενην
1383 1670 1532 1701 κατοικίζειν
1557 1668 1642 1696 πόλιν·
1672 1668 1749 1704 ἀλλην
1772 1680 1799 1696 τε

1002 1708 1034 1736 ὂῖν
1055 1711 1119 1737 ποτέ
1139 1720 1177 1740 τις
1199 1709 1290 1746 οἶκίζη,
1317 1710 1392 1759 πρὸς
1406 1708 1484 1738 ταύτὸ
1512 1710 1590 1738 τοῦτο
1619 1722 1799 1747 σκοπουμενον

998 1750 1081 1788 χρεων
1098 1754 1266 1788 νομοθετειν,
1291 1750 1343 1779 αλλ
1363 1750 1394 1780 οὗ
1416 1752 1482 1790 πρὸς
1504 1751 1607 1791 ὀλίγους
1627 1763 1766 1790 τυραννους
1783 1751 1798 1788 ἢ

1000 1792 1067 1830 πρὸς
1085 1789 1128 1821 ἕνα
1146 1792 1162 1828 ἢ
1179 1806 1221 1820 και
1240 1793 1335 1831 κράτος
1353 1793 1435 1831 δημου
1452 1807 1487 1826 τι,
1514 1794 1581 1832 πρὸς
1603 1795 1629 1823 δὲ
1652 1795 1680 1823 τὸ
1700 1795 1799 1822 δίκαιον
1820 1828 1821 1831 ¹

1003 1833 1048 1862 ἀεί.
1076 1834 1154 1863 τοῦτο
1174 1833 1197 1862 δ
1218 1837 1272 1864 ἐστι
1290 1836 1319 1864 τὸ
1339 1836 1383 1864 νῦν
1401 1836 1431 1872 δὴ
1448 1839 1550 1872 λεχθέν,
1577 1836 1607 1865 τὸ
1630 1837 1696 1865 κατὰ
1720 1835 1799 1873 φύσιν

1001 1880 1060 1905 ἴσον
1083 1875 1182 1909 ἀνίσοις
1203 1877 1326 1906 ἑκάστοτε
1349 1879 1439 1907 δοθέν.
1467 1877 1611 1917 ἀναγκαῖόν
1630 1891 1660 1917 γε
1679 1878 1730 1916 μὴν
1755 1879 1799 1907 καὶ

1000 1918 1103 1951 τούτοις
1124 1922 1315 1957 παρωνυμίοισί
1333 1932 1398 1949 ποτε
1422 1919 1644 1973 προςχρήσασθαι
1667 1920 1743 1949 πόλιν
1765 1919 1796 1948 α’-

1000 1973 1103 1994 πασαν,
1131 1973 1153 1989 ει
1173 1964 1256 1999 μέλλει
1278 1961 1397 1991 στάσεων
1418 1964 1497 2004 εαυτῇ
1516 1963 1552 2000 μὴ
1569 1962 1800 2000 προςκοινωνήσειν

1001 2016 1068 2032 κατα
1090 2016 1114 2031 τι
1133 2006 1218 2041 μέρος.
1246 2004 1275 2032 τὸ
1297 2004 1349 2043 γὰρ
1372 2007 1477 2036 ἐπιεικες
1497 2005 1542 2033 καὶ
1559 2003 1709 2043 ξύγγνωμον
1728 2012 1732 2026 ¹
1751 2004 1798 2033 τοῧ

1001 2047 1087 2074 τελέου
1109 2047 1152 2073 καὶ
1175 2044 1295 2096 ἀκριβοῦς
1316 2047 1388 2084 παρὰ
1412 2047 1481 2082 δίκην
1502 2047 1546 2082 τὴν
1569 2045 1656 2084 ὀρθήν
1673 2051 1727 2075 ἐστι
1744 2059 1797 2074 πα-

1001 2090 1246 2141 ρατεθραυσμένον,
1274 2088 1338 2117 όταν
1357 2091 1481 2127 γίγνηται.
1509 2089 1548 2117 διὸ
1571 2090 1606 2126 τῷ
1632 2089 1679 2117 τοῦ
1705 2088 1800 2141 κλήρου
1820 2103 1838 2119 ,-

1001 2133 1049 2167 ἴσω
1068 2128 1166 2168 ἀνάγκη
1180 2130 1404 2168 προςχρησασθαι
1419 2132 1549 2162 δυςκολίας
1563 2131 1614 2159 τῶν
1628 2131 1754 2159 πολλῶν
1745 2131 1796 2159 ε’νε-

1001 2185 1042 2205 κα,
1062 2172 1131 2200 θεὸν
1151 2173 1194 2200 καὶ
1217 2170 1325 2211 ἆγαθὴν
1346 2171 1424 2208 τύχην
1444 2185 1488 2201 και
1508 2172 1568 2201 τότε
1590 2176 1616 2200 ἐν
1637 2184 1724 2208 ευχαις
1742 2176 1797 2201 ἐπι-

1002 2216 1175 2251 καλουμένους
1201 2212 1345 2252 ἀπορθοῦν
1372 2213 1466 2246 αὐτοὺς
1491 2214 1538 2243 τὸν
1563 2215 1657 2252 κλῆρον
1679 2214 1746 2253 πρὸς
1766 2214 1796 2243 τὸ

1002 2255 1174 2285 δικαιότατον.
1206 2256 1273 2284 ούτω
1296 2256 1325 2291 δὴ
1349 2259 1477 2294 χρηστέον
1503 2255 1648 2296 ἀναγκαίως
1671 2260 1718 2294 μέν
1743 2260 1800 2285 τοῖν

1002 2297 1134 2334 ἶσοτήτοιν
1153 2296 1258 2347 αμφοῖῖ,
1277 2310 1311 2330 ως
1329 2297 1352 2326 δ
1373 2298 1389 2327 ὅ
1406 2311 1429 2327 τι
1442 2298 1560 2336 μαλιστα
1576 2303 1588 2317 *
1605 2298 1642 2327 ἐπ
1660 2297 1799 2337 ὀλιγίστοις

1001 2341 1033 2377 τῇ
1055 2342 1139 2378 ἑτέρᾳ,
1166 2341 1197 2377 τῇ
1219 2340 1263 2376 τῆς
1283 2339 1360 2376 τύχης
1375 2336 1494 2378 δεομένῃ.
1538 2347 1579 2369 Vl.
1603 2341 1692 2369 Ταῦτα
1719 2340 1800 2372 οὕτως

1003 2382 1043 2409 διὰ
1061 2382 1156 2414 ταῦτα,
1179 2383 1199 2410 ὦ
1220 2384 1303 2418 φίλοι,
1326 2380 1470 2421 αναγκαῖον
1491 2382 1537 2418 τὴν
1555 2386 1701 2420 μέλλουσαν
1719 2382 1796 2415 σώζε-

1003 2427 1073 2452 σθαι
1091 2424 1155 2461 δρᾶν
1172 2423 1254 2452 πόλιν.
1282 2424 1367 2460 ἐπειδὴ
1385 2425 1412 2453 δὲ
1429 2424 1492 2456 ναῦς
1509 2437 1535 2453 τε
1554 2429 1579 2453 ἐν
1596 2424 1719 2462 θαλαττῃ
1736 2427 1797 2452 πλέ-

1003 2478 1071 2494 ουσα
1089 2467 1203 2502 φυλακῆς
1220 2464 1315 2504 ἡμέρας
1332 2468 1413 2495 δεῖται
1430 2467 1474 2495 καὶ
1495 2467 1585 2498 νυκτὸς
1603 2465 1654 2499 ἆεί,
1677 2466 1751 2497 πόλις
1772 2478 1799 2495 τε

1004 2507 1122 2539 ὧςαύτως
1140 2511 1166 2536 ἐν
1183 2507 1288 2537 κλύδωνι
1306 2508 1356 2537 τῶν
1379 2507 1461 2537 δι’λλων
1482 2508 1583 2537 πόλεων
1601 2510 1738 2546 διαγομένη
1755 2509 1799 2536 καὶ

1002 2551 1214 2578 παντοδαπαῖσιν
1235 2552 1383 2587 ἐπιβουλαῖς
1404 2551 1470 2579 οἶκεῖ
1490 2550 1672 2579 κινδυνεύουσα
1695 2549 1796 2578 ἁλίσκε-

1003 2595 1085 2624 σθαι,
1112 2593 1152 2620 δεῖ
1172 2591 1202 2627 δὴ
1224 2590 1253 2620 δι’
1272 2591 1368 2644 ημέρας
1387 2605 1416 2621 τε
1437 2593 1474 2624 εἷς
1495 2605 1572 2621 νυκτα
1591 2593 1634 2620 καὶ
1656 2595 1682 2620 ἐκ
1708 2592 1799 2623 νυκτὸς

1002 2645 1141 2662 συναπτειν
1157 2632 1224 2671 πρὸς
1240 2633 1336 2672 ἡμέραν
1352 2634 1480 2673 ἄρχοντας
1494 2634 1612 2687 α’ρχουσι,
1630 2641 1634 2654 ¹
1650 2634 1796 2672 φρουροῦν-

111 2680 129 2699 E
154 2685 256 2712 πρωτης
277 2676 375 2713 ζημίας,
397 2674 444 2703 τὸν
465 2672 491 2703 δ’
512 2680 516 2695 ¹
535 2678 562 2703 ἐκ
579 2674 626 2703 τοῦ
644 2687 749 2714 πρωτου
766 2678 950 2714 τετραπλασίῳ
972 2684 982 2720 Η
1000 2675 1048 2708 τοὶς
1065 2688 1091 2704 τε
1109 2675 1255 2714 φρουροῦσι
1273 2677 1468 2715 διαδεχομένους
1487 2674 1526 2704 ἇεῖ
1543 2677 1587 2704 καὶ
1607 2675 1799 2714 παραδιδόντας

1471 2726 1523 2748 54*

1825 2306 1862 2323 758
1886 2317 1891 2321 .
