1998 3084
18 894 25 906 7

17 894 48 912 ..Ο-Ι

33 1230 48 1247 ΙΙ

18 2577 40 2596 05

699 174 1098 209 THEAETETUS.

79 254 141 294 μήν,·
165 260 220 283 ΣΩ.
240 253 277 282 Τὸ
296 257 376 292 σῖγμα
394 254 438 281 καὶ
454 252 484 281 τὸ
503 255 525 281 ὦ
532 251 590 303 ἄρα
605 253 746 291 γιγνώσκει.
776 258 869 281 ΘΕΑΙ.

83 299 145 325 Ναί.
188 301 242 324 ΣΩ.
266 297 298 323 Τί
318 297 356 328 δέ,·
383 294 504 344 ἑκάτερον
526 294 565 333 ἄρ’
583 294 683 334 ἀγνοεῖ,
706 297 749 324 καὶ
768 294 867 324 οὐδέτε-

80 351 127 378 ρον
147 338 220 369 εἶδὼς
241 336 375 379 ἇμφότερα
392 349 539 375 γιγνωσκεις
584 343 676 365 ΘΕΑΙ.
695 337 769 366 Ἀλλὰ
788 337 870 366 δεινὸν

79 381 123 410 καὶ
144 379 252 419 ὄπ’λογον,
279 380 299 407 ὦ
319 378 463 417 Σώκρατες.
507 384 562 407 ΣΩ
588 379 662 407 Λλλὰ
688 382 775 417 μέντοι
796 382 817 408 ει
839 391 869 417 γε

80 421 176 461 ἀνάγκη
193 421 314 459 ἑκάτερον
329 433 487 471 γιγνωσκειν,
506 424 577 459 εἷ’περ
596 420 732 460 ἀμφότερά
750 433 787 454 τις
800 420 867 460 γνώ-

79 477 162 497 σεται,
183 463 386 502 προγιγνώσκειν
407 463 439 491 τὰ
463 467 579 498 στοιχεῖα
602 463 695 492 ἅπασα
718 462 816 502 ἆναγκη
834 462 869 500 τῷ

76 507 192 544 μέλλοντί
205 517 270 534 ποτε
287 505 443 544 γνώσεσθαι
461 504 597 542 συλλαβήν,
616 518 657 533 και
677 506 759 538 οὕτως
775 505 835 543 ἡμῖν
853 504 867 534 ὁ

76 548 153 580 καλὸς
181 547 260 586 λόγος
290 546 473 585 ἀποδεδρακὼς
504 547 643 583 οἲχήσεται.
692 553 785 577 ΘΕΑΙ.
812 548 869 576 Καὶ

75 589 143 628 μάλα
164 601 194 628 γε
218 596 221 610 ¹
246 591 370 626 ἐξαίφνης.
414 595 469 617 ΣΩ.
495 588 532 618 Οὐ
548 589 600 628 γὰρ
618 590 701 622 καλῶς
719 589 799 618 αὐτὸν
815 602 865 626 φυ-

75 632 205 669 λα’ττομεν.
230 631 295 669 χρῆν
314 631 366 670 γὰρ
388 634 451 663 ἴσως
472 631 516 667 τὴν
538 631 666 669 συλλαβὴν
684 634 816 660 τίθεσθαι
832 631 867 669 μὴ

74 674 106 704 τὰ
125 677 247 709 στοιχεῖα,
267 672 319 701 ἄλλ
337 677 363 706 ἐξ
381 675 480 702 ἐκείνων
498 674 523 702 ἕν
539 686 564 702 τι
580 674 689 712 γεγονὸς
703 673 778 706 εἶδος,
797 674 868 702 ἰδέαν

74 719 134 754 μίαν
148 714 211 744 αὐτὸ
229 714 309 744 αὗτοῦ
325 728 391 751 εχον,
402 716 489 753 ἕτερον
504 717 530 744 δέ
545 716 596 744 τῶν
611 718 751 751 στοιχείων.
771 721 865 744 ΘΕΑΙ.

75 757 150 786 Πάνυ
165 760 212 795 μὲν
230 758 286 786 οὐν·
314 759 358 786 καὶ
374 770 442 793 ταχα
459 771 477 796 γ
500 770 532 786 αν
547 759 647 795 μᾶλλον
665 757 746 790 οὕτως
766 757 782 793 ἢ
802 759 864 786 ἐκεί-

74 811 122 832 νως
148 801 208 835 ἔχοι.
251 805 306 828 ΣΩ
328 803 470 833 Σκεπτέον,
497 801 541 828 καὶ
567 799 598 829 οὗ
619 802 764 838 προδοτέον
785 799 867 831 οὕτως

75 841 203 878 ἆνανδρως
227 844 309 880 μέγαν
334 854 362 870 τε
388 843 431 870 καὶ
458 842 553 880 σεμνὸν
578 841 665 881 λόγον.
710 848 804 871 ΘΕΑΙ.
830 840 866 870 Ου

73 885 123 924 γὰρ
141 880 193 913 οὖν,
237 890 291 912 ΣΩ.
308 883 397 920 Ἐχέτω
416 884 453 920 δή,
472 883 507 916 ὧς
527 884 572 913 νῦν
592 887 688 922 φαμέν,
714 886 761 923 μία
780 889 792 902 *
811 884 865 912 ἰδέα

75 929 101 959 εξ
120 926 234 955 ἑκάστων
256 939 306 955 των
328 926 559 964 συναρμοττόντων
580 929 713 963 στοιχείων
729 929 866 966 γιγνομένη

73 968 88 1005 ἦ
110 969 220 1005 συλλαβὴ
242 967 337 1006 ὁμοιως
359 970 384 997 έν
405 981 432 997 τε
449 981 585 1021 γραμμασι
602 982 646 997 και
664 973 690 998 ἐν
707 973 762 1000 τοῖς
780 968 866 1000 α’λλοις

74 1011 163 1040 α’πασι.
207 1016 299 1039 ΘΕΑΙ.
321 1010 400 1039 Πάνυ
422 1013 469 1049 μὲν
496 1012 549 1040 οὖν.
592 1017 648 1039 ΣΩ.
678 1010 778 1040 Οὐκοῦν
801 1013 865 1062 μέρη

75 1051 149 1089 αυτῆς
171 1051 201 1081 οὗ
223 1054 262 1081 δεῖ
278 1051 349 1081 εἶναι.
394 1058 487 1082 ΘΕΑΙ.
508 1055 539 1082 Τί
555 1052 598 1089 δή;
641 1059 697 1081 ΣΩ.
711 1053 765 1082 Ὅτι
783 1055 815 1082 οὖ
834 1052 865 1080 ἂν

73 1097 89 1132 ᾖ
104 1098 178 1133 μέρη,
201 1095 230 1123 τὸ
253 1095 315 1123 ὅλον
337 1094 435 1134 ἀνάγκη
456 1095 490 1123 τὰ
507 1108 593 1124 παντα
601 1098 673 1148 μέρη
690 1094 762 1124 εἶναι.
789 1094 804 1131 ἢ
822 1096 865 1122 καὶ

73 1142 101 1166 το
124 1137 184 1166 ὅλον
206 1141 231 1165 ἐκ
253 1137 304 1165 τῶν
319 1138 404 1176 μερῶν
420 1140 499 1176 λέγεις
515 1137 624 1176 γεγονὸς
641 1138 666 1165 ἓν
684 1150 707 1166 τι
724 1136 819 1169 εἶδοςε
809 1149 862 1166 ew-

72 1192 118 1217 ρον
134 1179 184 1208 τῶν
200 1179 305 1208 πάντων
320 1179 417 1218 μερῶν,·
453 1185 546 1208 ΘΕΑΙ.
561 1179 664 1218 Ἐ’γωγε.
708 1185 763 1230 2„st
784 1179 820 1208 Τὸ
837 1180 864 1207 δὲ

73 1221 101 1258 δὴ
118 1221 171 1250 πᾶν
187 1223 230 1250 καῖ
247 1221 277 1250 τὸ
297 1221 358 1250 ὅλον
374 1221 488 1260 πότερον
505 1220 601 1251 ταύτὸν
617 1221 734 1254 καλεῖς’
719 1235 734 1272 η
753 1223 839 1259 ἕτερον
858 1228 861 1242 ¹

71 1263 202 1301 ἑκάτερον,-
247 1269 340 1292 ΘΕΑΙ.
358 1263 424 1300 ’Ἐχω
444 1267 491 1302 μέν
509 1263 584 1293 οὐδὲν
601 1267 694 1301 σαφές,
717 1264 757 1292 ο’τι
775 1265 802 1292 δὲ
820 1276 861 1292 κε-

71 1305 148 1337 λεύεις
163 1305 311 1344 προθύμως
326 1305 533 1345 ἀποκρίνασθαι,
551 1305 775 1348 παρανιτδυιεῦων
789 1308 862 1356 λέγω,

72 1347 111 1377 ὅτι
128 1349 220 1386 ἕτερον.
263 1354 318 1376 ΣΩ.
335 1347 368 1376 ‘H
383 1351 431 1387 μὲν
447 1350 600 1387 προθυμία,
622 1350 642 1377 ὦ
662 1350 795 1384 Θεαίτητε,
815 1347 860 1386 ὀρ-

71 1389 120 1427 θή·
138 1391 160 1419 εἰ
178 1392 204 1419 δὲ
221 1403 265 1418 και
281 1390 297 1427 ἦ
315 1389 462 1429 ἀπόκρισις,
482 1394 614 1420 σκεπτέον.
659 1397 752 1420 ΘΕΑΙ
772 1394 820 1420 Aa?
837 1392 864 1419 δέ

69 1445 98 1472 γε
120 1431 156 1469 δή.
200 1439 262 1461 XLI.
284 1438 339 1462 ΣΩ.
365 1432 464 1462 Ουκοῦν
486 1435 604 1471 διαφέροι
626 1446 658 1462 αν
680 1434 709 1462 τὸ
733 1432 794 1462 ὅλον
815 1432 863 1462 τοῦ

70 1474 177 1508 παντός,
201 1474 234 1507 ὦς
256 1473 270 1503 ὅ
293 1475 338 1504 νῦν
355 1475 445 1514 λόγος;
490 1481 583 1504 ΘΕΑΙ.
607 1477 667 1504 Ναί.
711 1481 766 1504 ΣΩ.
788 1478 819 1504 Τί
835 1476 862 1503 δὲ

71 1516 112 1553 δή,·
138 1517 170 1546 τὰ
191 1516 278 1546 πάντα
299 1519 343 1545 καὶ
363 1518 394 1547 τὸ
416 1517 470 1546 πᾶν
492 1516 552 1547 ἔσθ’
574 1517 590 1546 ὅ
611 1531 634 1546 τι
652 1519 777 1555 διαφέρει,·
806 1516 862 1546 οἷον

71 1559 170 1588 ἐπειδὰν
187 1562 297 1598 λέγωμεν
315 1561 351 1593 ἵν,
371 1559 425 1593 δύο,
443 1562 510 1598 τρία,
528 1563 646 1598 τέτταρα,
664 1563 747 1593 πέντε,
767 1561 799 1593 ἔξ,
819 1560 861 1588 καὶ

70 1601 113 1631 ἐὰν
138 1603 175 1633 δις
200 1604 258 1639 τρία
284 1601 300 1638 ἢ
327 1609 331 1623 ¹
359 1603 412 1641 τρις
434 1602 479 1631 δύο
502 1601 518 1638 ἢ
539 1602 650 1641 τέτταρα
672 1615 699 1631 τε
720 1603 764 1631 καὶ
782 1601 827 1631 δύο
846 1601 861 1638 ἦ

68 1646 130 1695 τρία
141 1645 184 1673 καὶ
201 1643 246 1673 δύο
265 1645 309 1672 καὶ
327 1645 363 1678 ἓν,
385 1657 498 1683 ποτερον
516 1649 542 1673 ἐν
558 1645 626 1674 πᾶσι
643 1656 745 1676 τουτοις
762 1644 792 1673 τὸ
812 1643 858 1672 αὖ-

68 1686 98 1715 τὸ
115 1685 130 1722 ἦ
148 1687 234 1724 ἕτερον
250 1689 369 1726 λέγομεν;
413 1692 506 1716 ΘΕΑΙ
527 1686 637 1716 Ταῦτόν.
681 1693 736 1715 ΣΩ.
748 1682 800 1725 Ἆρ’
813 1686 858 1714 α’λ-

68 1731 98 1757 λο
118 1741 143 1758 τι
161 1728 178 1765 ἢ
200 1729 238 1763 ἕξ·
282 1734 375 1758 ΘΕΑΙ.
401 1728 486 1759 Οὐδέν.
530 1735 585 1758 ΣΩ.
611 1728 711 1759 Ουκοῦν
738 1728 775 1766 ἐφ’
797 1728 858 1757 ἑκά-

69 1781 129 1807 στης
152 1773 241 1803 λέξεως
265 1784 352 1800 παντα
378 1773 411 1800 τὰ
438 1773 464 1805 ἒξ
485 1771 632 1811 εἶρήκαμεν;
677 1777 771 1800 ΘΕΑΙ.
796 1773 859 1799 Ναί.

68 1819 122 1842 ΣΩ
151 1813 237 1842 Πάλιν
267 1812 291 1842 δ’
320 1813 396 1843 οὐδὲν
407 1817 532 1856 λέγομεν
557 1815 590 1843 τὰ
617 1827 704 1844 παντα
731 1817 858 1854 λέγοντες;

69 1860 159 1884 ΘΕΑΙ.
177 1855 292 1895 Λναγκη.
336 1862 391 1885 ΣΩ.
410 1857 443 1885 'H
463 1856 525 1886 ἄλλο
547 1870 572 1886 τι
593 1857 608 1894 ἢ
630 1858 662 1886 τὰ
681 1858 720 1891 ἵξς
765 1863 858 1886 ΘΕΑΙ.

71 1895 153 1927 Οὗδέν.
196 1904 251 1927 ΣΩ.
275 1897 377 1928 Ταῦτόν
399 1898 451 1937 α’ρα
473 1901 499 1928 ἒν
519 1912 549 1938 γε
571 1904 627 1932 τοῖς
648 1899 700 1929 ὅσα
723 1903 750 1932 ἐξ
772 1906 777 1921 ¹
801 1898 857 1938 ἀρι-

67 1939 140 1978 θμοῦ
158 1943 212 1969 ἐστι
228 1940 260 1969 τό
277 1953 304 1969 τε
321 1941 375 1970 πᾶν
391 1941 618 1984 προςαγορεύομεν
635 1944 678 1970 καὶ
693 1942 725 1971 τὰ
742 1941 858 1975 ἅπαντας

68 1987 159 2011 ΘΕΑΙ.
184 1985 312 2012 Φαίνεται.
356 1989 412 2012 ΣΩ.
431 1985 492 2013 ‘swa
514 1984 544 2020 δὴ
565 1985 625 2023 περι
644 1983 728 2013 αὐτῶν
745 1987 859 2035 λέγομεν..

68 2022 81 2052 ὅ
103 2024 150 2053 τοῦ
171 2028 291 2064 πλέθρου
313 2023 430 2064 ἇριθμὸς
451 2027 496 2055 καὶ
516 2026 547 2055 τὸ
569 2030 689 2065 πλέθρον
710 2025 813 2055 ταυτόν.
843 2028 859 2062 ἠ

66 2078 128 2104 γαρς
171 2072 264 2096 ΘΕΑΙ.
285 2070 348 2096 Ναί.
391 2074 446 2096 ΣΩ.
465 2070 521 2097 Και
539 2068 553 2098 ὁ
572 2069 619 2098 τοῦ
638 2071 746 2098 σταδίου
765 2069 794 2105 δὴ
810 2068 857 2101 ὦς-

67 2120 159 2143 αυτωςς
194 2115 288 2138 ΘΕΑΙ.
308 2112 372 2138 Ναί.
406 2116 462 2139 ΣΩ.
480 2112 535 2139 Καὶ
551 2111 601 2149 μὴν
618 2110 693 2140 καὶ
680 2124 694 2140 ο
714 2112 761 2140 τοῦ
776 2124 857 2149 στρα-

66 2152 174 2180 τοπέδου
190 2164 219 2190 γε
236 2153 279 2180 καὶ
296 2152 326 2181 τὸ
346 2153 533 2191 στρατόπεδον,
552 2166 595 2182 και
612 2153 699 2182 πάντα
717 2154 749 2182 τὰ
767 2154 857 2182 τοιαῦ-

67 2205 98 2221 τα
120 2192 225 2231 ομοίωςς
252 2193 267 2223 ὁ
289 2195 341 2234 γὰρ
364 2194 481 2234 ἀριθμὸς
501 2195 554 2228 πᾶς
575 2196 605 2225 τὸ
630 2209 660 2225 ον
677 2196 731 2224 πᾶν
750 2197 859 2225 ἕκαστον

67 2233 148 2264 αὗτῶν
169 2238 229 2265 ἐστί.
273 2242 367 2266 ΘΕΑΙ.
392 2239 455 2265 Ναί.
499 2244 554 2266 ΣΩ.
570 2237 599 2267 ‘0
621 2240 647 2267 δὲ
666 2238 782 2267 ἑκασ-των
800 2237 857 2276 ἄρι-

66 2277 137 2315 θμὸς
159 2278 214 2316 μῶν
241 2278 302 2308 ἄλλο
329 2292 354 2308 τι
375 2279 390 2316 ἢ
410 2282 474 2318 μέρη
498 2287 501 2301 ¹
526 2282 606 2315 ἐστίνς
651 2286 745 2309 ΘΕΑΙ.
771 2280 857 2310 Οὐδέν.

65 2324 119 2348 ΣΩ.
133 2318 232 2349 ‘Oua'
221 2319 272 2359 α’ρα
295 2323 344 2357 ἔχει
364 2324 440 2359 μέρη,
464 2326 490 2351 ἐκ
511 2323 596 2373 μερῶν
618 2335 650 2351 αν
667 2326 718 2374 εἴη,-
763 2329 856 2352 ΘΕΑΙ.

69 2363 194 2391 Φαίνεται.
237 2369 292 2392 ΣΩ.
317 2363 356 2392 Τὰ
379 2365 407 2393 δέ
426 2376 456 2403 γε
479 2377 566 2394 παντα
587 2368 650 2403 μέρη
673 2366 703 2394 τὸ
721 2365 775 2394 πᾶν
793 2364 857 2394 εἷται

65 2401 239 2443 ὁμολογεῖται,
262 2409 332 2444 είπερ
354 2407 398 2434 καὶ
420 2405 434 2435 ὅ
453 2407 505 2439 mig
517 2406 649 2460 ἀριθμὸς
656 2407 686 2436 τὸ
704 2408 758 2436 πᾶν
776 2409 856 2436 ὲ’.σται

65 2450 157 2475 ΘΕΑΙ
177 2446 256 2476 Ουτω.
299 2454 355 2476 ΣΩ.
376 2448 412 2477 Τὸ
432 2448 522 2478 ὅλον
511 2448 551 2487 αρ’
568 2448 614 2478 οὐκ
634 2451 702 2479 ἐστιν
721 2453 747 2478 ἐκ
763 2450 856 2502 μερῶν

64 2487 116 2516 πᾶν
131 2488 182 2527 γὰρ
201 2502 233 2518 αν
249 2493 294 2526 εἴη,
313 2491 345 2519 τὰ
363 2490 450 2519 πάντα
469 2490 499 2520 ὂν
515 2494 586 2542 μέρη.
622 2497 715 2521 ΘΕΑΙ.
735 2491 786 2521 Οὐκ
803 2494 854 2520 ἐοι-

63 2541 97 2559 κε.
139 2536 194 2559 ΣΩ.
212 2535 303 2571 Μέρος
320 2531 344 2561 δ’
362 2531 422 2562 ε”σθ
440 2533 503 2562 ὅτου
522 2533 601 2563 α’λλου
619 2535 689 2563 ἐστιν
707 2533 771 2572 ὅπερ
787 2536 856 2563 ἐστιν

62 2570 78 2608 ἢ
94 2572 141 2601 τοῦ
158 2572 233 2608 ὅλους
272 2580 364 2603 ΘΕΑΙ.
385 2576 439 2604 Τοῦ
456 2575 555 2608 παντός
571 2588 608 2614 γε.
651 2582 707 2605 ΣΩ.
727 2581 740 2595 *
756 2578 854 2615 Λνδρι-

62 2613 110 2646 κῶς
125 2627 179 2665 fl,—
190 2628 210 2644 ω
229 2619 360 2653 Θεαίτητε,
381 2617 466 2655 μάχει.
493 2618 523 2647 τὸ
541 2618 596 2646 πᾶν
613 2619 640 2647 δὲ
659 2617 706 2654 οὐχ
724 2618 788 2648 ὅταν
803 2632 853 2657 μη-

63 2656 104 2685 δὲν
124 2655 191 2695 ἇπῆ,
219 2656 282 2688 αὐτὸ
296 2660 383 2710 τοῦτρ
409 2661 464 2688 πᾶν
480 2662 572 2713 jath:
617 2666 711 2690 ΘΕΑΙ.
738 2660 854 2699 Λνιὶγκη.

61 2703 116 2727 ΣΩ.
130 2698 205 2729 Ὅλον
226 2702 254 2730 δὲ
274 2713 306 2730 ου
326 2700 424 2731 ταύτὸν
443 2702 523 2732 τοῦτο
543 2715 627 2736 εσται,
651 2698 683 2731 οὗ
701 2703 732 2732 ἄν
748 2704 854 2741 μηδαμῆ

1683 178 1715 203 73

919 255 998 290 μηδὲν
1016 252 1166 292 ἆποστατῇ;
1190 250 1222 284 οὗ
1240 254 1264 283 δ’
1282 255 1313 284 ἂν
1319 254 1478 306 finqcnarfj,
1498 254 1556 284 οὗτε
1575 255 1637 285 ὅλον
1655 254 1714 284 οὗτε

920 296 985 328 πᾶν,
1009 296 1062 333 ἅμα
1084 296 1223 335 γενόμενον
1241 302 1267 326 ἐκ
1284 298 1332 327 τοῦ
1350 297 1431 327 αὐτοῦ
1448 298 1478 327 τὸ
1498 297 1576 332 αυτός
1620 303 1713 326 ΘΕΑΙ.

922 340 1014 366 Δοκεῖ
1015 351 1061 375 μοι
1080 339 1123 367 νῦν
1142 337 1216 368 ουδὲν
1233 341 1361 391 διαφέρειν
1378 340 1432 369 πᾶν
1448 352 1476 369 τε
1493 341 1537 368 καὶ
1555 339 1622 369 ὅλον.
1658 345 1713 368 ΣΩ.

923 379 1022 408 Οὐκοῦν
1045 383 1174 429 ἐλέγομεν,
1198 381 1237 410 ὅτι
1256 384 1287 410 οὐ
1306 382 1338 410 ἂν
1353 386 1416 420 μέρη
1438 384 1467 419 ἦ,
1489 383 1519 411 τὸ
1543 382 1605 411 ὅλον
1626 394 1653 410 τε
1671 383 1714 410 καὶ

919 421 973 449 πᾶν
994 422 1026 450 τὰ
1048 422 1134 450 πάντα
1155 426 1219 461 μέρη
1242 425 1327 458 ὲ’σ-ται;
1371 430 1464 473 ΘΕΑΙ.
1484 424 1561 453 Πάνυ
1577 436 1614 463 γε.
1658 429 1713 452 ΣΩ.

919 463 1006 492 Πάλιν
1023 464 1065 499 δή,
1085 464 1148 502 ὅπερ
1167 464 1225 503 α’ρτι
1243 468 1401 504 ἐπεχείρουν,
1421 465 1475 499 οὐκ,
1494 471 1565 505 εἴπερ
1583 466 1599 502 ἦ
1617 469 1712 495 συλλα-

919 505 949 542 βὴ
965 506 1000 543 μὴ
1019 506 1050 534 τὰ
1070 506 1186 542 στοιχεῖα
1208 511 1288 540 ἐστιν,
1312 521 1343 536 αι
1346 521 1410 546 αγκη
1429 508 1507 544 αὐτὴν
1523 509 1557 546 μὴ
1576 508 1610 540 ὦς
1628 516 1632 530 ¹
1649 511 1713 558 μέρη

919 549 984 582 ἔχειν
1009 548 1100 583 ἑαυτῆς
1125 549 1158 576 τὰ
1186 554 1314 599 στοιχεῖα,
1347 550 1362 585 ἢ
1389 549 1484 579 ταύτὸν
1510 564 1594 580 ουσαν
1626 549 1714 582 αὐτοῖς

919 588 1014 626 ομοίως
1031 592 1134 622 ἐκείνοις
1150 591 1267 629 γνωστὴν
1284 596 1361 625 εῖναι,·
1406 598 1499 621 ΘΕΑΙ.
1521 593 1613 625 Οὕτως.
1657 598 1712 621 ΣΩ.

920 630 1020 660 Οὗκοῦν
1041 632 1119 660 τοῦτο
1141 634 1184 660 ἵνα
1208 633 1243 670 μὴ
1269 636 1383 672 γένηται,
1412 635 1498 671 ἕτερον
1525 634 1609 663 αυτῶν
1636 634 1714 669 αυτὴν

918 676 1053 711 ἐθέμεθας
1098 679 1191 702 ΘΕΑΙ.
1213 677 1276 703 Ναί.
1319 681 1374 703 ΣΩ.
1395 675 1478 709 Τίδ’,·
1497 677 1570 714 εἰμὴ
1588 677 1620 705 τὰ
1639 689 1711 706 στοι-

915 719 974 751 χεῖα
996 716 1123 767 συλλαβῆς
1143 719 1206 754 μέρη
1229 719 1309 750 ἐστίν,
1333 719 1397 753 ἔχεις
1419 717 1470 745 αλλ
1492 718 1558 747 α’ττα
1580 719 1672 752 εἰπεῖν,
1696 732 1712 747 α

914 760 978 795 μέρη
994 761 1041 795 μέν
1059 762 1113 786 ἐστι
1131 759 1265 796 συλλαβῆς,
1285 772 1316 788 ου
1333 763 1420 796 μέντοι
1438 760 1554 796 στοιχεῖα
1569 759 1591 799 γ’
1608 763 1712 797 ἐκει’νης;

917 805 1011 828 ΘΕΑΙ
1033 798 1166 838 Οὐδαμῶς·
1189 801 1213 829 εἰ
1233 801 1297 839 γάρ,
1320 803 1341 830 ὦ
1358 801 1505 839 Σώκρατες,
1523 801 1603 854 μόρια
1621 815 1714 838 ταυτης

917 844 1085 880 συγχωροίην,
1103 842 1207 881 γελοῖόν
1224 855 1277 872 που
1294 844 1327 872 τὰ
1346 848 1462 880 στοιχεῖα
1482 843 1579 881 ἀφέντα
1598 843 1635 873 ἐπ
1649 844 1712 873 ιιλλα

917 885 988 912 ἰέναι
1032 890 1087 912 ΣΩ.
1110 884 1275 914 Πανταπασι
1292 885 1333 921 δή,
1357 898 1378 914 ω
1397 888 1531 922 Θεαίτητε,
1556 893 1560 908 ¹
1583 886 1649 915 κατὰ
1668 887 1713 915 τὸν

916 939 961 955 νυν
987 926 1067 965 λόγον
1090 929 1137 964 μία
1163 938 1201 959 τις
1227 927 1282 956 ιδέα
1310 926 1447 970 ἀμέριστος
1474 929 1586 970 συλλαβὴ
1614 928 1645 957 ἂν
1666 932 1712 965 είη.

917 974 1011 997 ΘΕΑΙ.
1026 968 1116 998 Ἑοικε.
1159 975 1215 998 ΣΩ.
1233 972 1375 1007 Μέμνησαι
1393 971 1450 1004 οὐν,
1469 972 1490 999 α’
1507 973 1576 1008 φίλε,
1599 970 1640 1000 ὅτι
1657 969 1711 1000 ὀλί-

914 1023 963 1050 γον
986 1015 1011 1039 ἐν
1032 1011 1067 1048 τῷ
1089 1010 1213 1049 πρόσθεν
1236 1011 1422 1066 απεδεχόμεθα
1440 1025 1577 1055 ηγουμενοι
1595 1014 1623 1041 εὐ
1641 1016 1711 1051 λέγε-

916 1057 998 1103 σθαι,
1018 1052 1058 1081 ὅτι
1075 1053 1126 1082 τῶν
1142 1053 1252 1091 πρώτων
1270 1067 1316 1083 ουκ
1334 1058 1372 1090 εἴη
1381 1054 1479 1107 λόγος,
1499 1058 1526 1087 ἐξ
1543 1057 1579 1084 ὠν
1595 1055 1628 1084 τὰ
1648 1055 1711 1083 ἄλλα

916 1107 1059 1134 συγκειται,
1078 1095 1143 1124 διότι
1161 1094 1225 1124 αὐτὸ
1244 1095 1308 1125 καθ
1326 1096 1389 1125 αὐτὸ
1409 1098 1519 1126 ἕκαστον
1536 1100 1574 1133 εἴη
1593 1096 1710 1126 ἀσύνθε-

914 1150 972 1170 τον,
995 1139 1038 1165 καὶ
1061 1136 1121 1166 ουδὲ
1142 1138 1172 1166 τὸ
1191 1137 1256 1166 εἷναι
1273 1140 1332 1177 περὶ
1351 1137 1431 1168 αὐτοῦ
1449 1138 1541 1177 ορθῶς
1559 1141 1613 1175 ἔχοι
1630 1151 1710 1178 προς-

913 1182 1027 1217 φέροντα
1049 1180 1142 1213 εἰπεῖν,
1170 1179 1230 1209 ουδὲ
1252 1182 1343 1214 τοῦτο,
1371 1180 1405 1213 ὧς
1427 1182 1500 1219 ἕτερα
1521 1194 1564 1210 και
1589 1180 1711 1220 ἀλλότρια

913 1221 1052 1260 λεγόμεια,
1074 1235 1118 1250 και
1141 1221 1204 1258 αὕτη
1227 1223 1256 1258 δὴ
1279 1222 1293 1258 ἧ
1316 1224 1386 1252 αἷτία
1405 1223 1502 1262 α’λογόν
1519 1236 1547 1253 τε
1564 1225 1607 1252 καὶ
1613 1223 1709 1267 α’γνω-

914 1276 978 1292 στον
997 1262 1060 1292 αυτὸ
1064 1268 1166 1314 ποιοῖς
1211 1268 1473 1303 ΘΕΑ1,Με’μνημαι.
1516 1272 1572 1294 ΣΩ.
1592 1273 1596 1287 ¹
1616 1267 1649 1294 ’H
1665 1268 1711 1295 οὖν

915 1306 976 1342 αλλη
1000 1318 1037 1338 τις
1058 1305 1074 1341 ἢ
1097 1306 1160 1342 αὕτη
1182 1306 1197 1342 ἦ
1221 1307 1291 1336 αἰτία
1308 1320 1356 1336 του
1371 1309 1503 1346 μοιοειδές
1519 1321 1543 1337 τι
1560 1321 1604 1337 και
1622 1307 1708 1347 αμέρι-

913 1361 978 1377 στον
996 1347 1059 1377 αὐτὸ
1078 1347 1155 1382 εἶναι·
1175 1349 1223 1388 ἐγὼ
1240 1352 1287 1387 μέν
1303 1350 1354 1389 γὰρ
1371 1349 1419 1386 οὐχ
1434 1350 1487 1389 ὁρῶ
1503 1350 1587 1387 ἄλλην.
1615 1356 1710 1379 ΘΕΑΙ

915 1389 952 1419 Οὐ
977 1403 1029 1429 γαρ
1057 1404 1103 1420 ουν
1129 1391 1159 1427 δὴ
1186 1394 1312 1428 φαίνεται.
1356 1399 1411 1421 ΣΩ.
1437 1392 1537 1422 Ουκοῦν
1558 1393 1594 1425 εἷς
1615 1392 1711 1422 ταύτὸν

913 1436 1074 1487 ἐμπέπτωκεν
1091 1432 1105 1469 ἦ
1125 1434 1238 1471 συλλαβὴ
1255 1433 1323 1466 εἶδος
1345 1437 1441 1472 ἐκείνῳ,
1463 1439 1534 1473 εἰπερ
1551 1438 1615 1474 μέρη
1632 1448 1659 1464 τε
1675 1435 1710 1477 μὴ

914 1477 963 1511 ἔχει
981 1488 1024 1504 και
1040 1478 1087 1513 μία
1106 1477 1176 1524 ἐστιν
1193 1477 1231 1505 ἰδέ
1221 1489 1261 1510 ας
1299 1482 1393 1506 ΘΕΑΙ.
1411 1477 1575 1507 Παντάπασι
1591 1481 1639 1515 μέν
1656 1491 1709 1507 ουν.

913 1524 967 1546 ΣΩ.
992 1518 1023 1545 Ει
1044 1520 1091 1555 μὲν
1114 1517 1165 1555 α’ρα
1186 1518 1271 1547 πολλὰ
1295 1523 1411 1555 στοιχεῖα
1429 1518 1444 1556 ἧ
1463 1520 1577 1557 συλλαβή
1596 1524 1650 1549 ἐστι
1667 1533 1710 1549 και

913 1559 975 1588 ὅλον
993 1573 1028 1592 τι,
1046 1562 1109 1597 μέρη
1128 1559 1152 1588 δ’
1171 1560 1249 1597 αὐτῆς
1267 1562 1361 1595 ταῦτα,
1381 1561 1477 1599 ὅμοίως
1494 1564 1565 1591 αἵτε
1585 1563 1710 1600 συλλαβαὶ

911 1603 1026 1641 γνωσταὶ
1043 1604 1086 1630 καὶ
1104 1604 1179 1641 ῥηταὶ
1196 1605 1239 1631 καὶ
1257 1603 1289 1632 τὰ
1309 1608 1432 1640 στοιχεῖα,
1452 1607 1554 1643 ἐπείπερ
1573 1605 1605 1633 τὰ
1623 1605 1709 1633 πάντα

910 1648 973 1683 μέρη
991 1645 1026 1682 τῷ
1044 1643 1095 1682 ὅλῳ
1112 1644 1208 1673 ταύτὸν
1227 1645 1315 1683 ἕφανη.
1348 1652 1441 1675 ΘΕΑΙ.
1459 1653 1462 1668 ¹
1478 1648 1534 1675 Και
1547 1646 1626 1685 μαλα
1653 1653 1708 1675 ΣΩ.

912 1687 943 1715 Εἰ
966 1688 993 1715 δέ
1013 1699 1043 1725 γε
1062 1688 1087 1715 ἕν
1104 1700 1131 1715 τε
1149 1689 1192 1715 καὶ
1211 1686 1312 1726 ἀμερές,
1336 1687 1431 1726 ομοίως
1446 1692 1494 1726 μὲν
1512 1688 1636 1727 συλλαβή,
1659 1688 1707 1721 ὦς-

912 1728 995 1779 αὕτως
1017 1730 1044 1757 δὲ
1067 1733 1198 1765 στοιχεῖον
1221 1730 1303 1769 ἄλο)
1288 1743 1319 1759 ον
1340 1743 1367 1759 τε
1389 1733 1431 1759 καὶ
1451 1731 1596 1770 ἄγνωστον·
1624 1730 1640 1767 ἡ
1657 1744 1708 1770 γαρ

912 1770 975 1807 αὐτὴ
998 1772 1068 1800 αἰτία
1089 1772 1192 1808 ποιήσει
1216 1771 1282 1801 αὐτὰ
1304 1773 1421 1802 τοιαῦτα.
1466 1779 1560 1802 ΘΕΑΙ.
1586 1773 1637 1803 Ουκ
1661 1775 1708 1810 ἔχω

911 1813 993 1847 ἄλλως
1010 1814 1098 1843 ειπεῖν.
1142 1820 1198 1842 ΣΩ.
1218 1815 1302 1844 Τοῦτο
1320 1818 1368 1852 μὲν
1386 1814 1437 1854 ἄρα
1453 1816 1488 1853 μὴ
1505 1815 1707 1854 αποδεχωμεθα,

911 1857 940 1889 ὃς
958 1857 990 1886 ἦν
1004 1860 1064 1896 λέγῃ
1081 1857 1209 1893 συλλαθην
1222 1860 1269 1896 μὲν
1283 1858 1402 1897 γνωστὸν
1416 1871 1459 1887 και
1474 1858 1559 1898 ῥητόν,
1579 1862 1709 1895 στοιχεῖον

911 1901 937 1928 δὲ
955 1899 1113 1928 τούναντίον.
1157 1906 1254 1929 ΘΕΑΙ.
1273 1901 1321 1936 Μη
1338 1914 1405 1951 γαρ,
1421 1904 1492 1940 ειπερ
1510 1901 1545 1939 τῷ
1563 1901 1632 1940 λόγῳ
1650 1913 1706 1930 πει-

912 1942 1033 1980 θόμεθα,
1077 1948 1133 1970 ΣΩ.
1156 1947 1169 1960 *
1194 1945 1225 1971 Τί
1246 1941 1269 1970 δ’
1292 1944 1337 1977 αὐς
1360 1942 1512 1972 τούναντίον
1529 1930 1649 1982 λέγοντος
1667 1941 1707 1982 ἄρ’

911 1997 942 2013 ου
959 1985 1059 2022 μᾶλλον
1078 1997 1110 2012 αν
1128 1983 1269 2017 αποδέξαιο
1289 1988 1316 2018 ἐξ
1334 1987 1369 2014 ὠν
1388 1984 1467 2018 αυτὸς
1485 1985 1621 2015 σύνοισθα
1641 1998 1706 2014 σαυ-

910 2027 945 2064 τῷ
961 2031 986 2055 ἐν
1001 2027 1032 2064 τῇ
1048 2027 1098 2055 τῶν
1112 2026 1271 2065 γραμμάτων
1284 2027 1417 2065 μαθήσει,
1453 2033 1546 2057 ΘΕΑΙ.
1554 2027 1601 2078 .Tb
1616 2032 1707 2061 ποῖον,·

910 2075 966 2097 ΣΩ
982 2068 1027 2101 Ὡς
1050 2068 1124 2098 οὐδὲν
1146 2068 1208 2098 α’λλο
1225 2069 1372 2107 μανθανων
1390 2069 1564 2102 διετέλεσας“
1548 2083 1564 2106 η
1582 2070 1614 2099 τὰ
1633 2083 1706 2100 στοι-

909 2115 967 2147 χεῖα
990 2112 1016 2140 ἕν
1037 2123 1064 2140 τε
1085 2112 1117 2149 τῇ
1140 2111 1200 2149 ὄψει
1222 2111 1415 2165 διαγιγνώσκειν
1436 2124 1593 2166 πειρωμενος
1614 2114 1657 2141 καὶ
1683 2117 1709 2141 ἐν

909 2154 941 2191 τῇ
960 2152 1026 2191 ἆκοῇ
1046 2152 1109 2182 αυτὸ
1128 2152 1192 2182 καθ
1211 2154 1274 2183 αυτὸ
1294 2155 1415 2188 ἕκαστον,
1440 2168 1481 2184 ινα
1497 2155 1532 2193 μὴ
1549 2168 1565 2191 η
1583 2158 1661 2187 θέσις
1678 2167 1708 2184 σε

909 2195 1034 2234 ταράττοι
1051 2198 1194 2234 λεγομένων
1212 2209 1238 2225 τε
1253 2210 1297 2225 και
1310 2200 1488 2236 γραφομένων.
1525 2202 1619 2226 ΘΕΑΙ
1634 2200 1706 2233 Ἀλη-

910 2241 1032 2267 θέστατα
1054 2241 1140 2277 λέγεις.
1185 2244 1240 2267 ΣΩ.
1261 2237 1302 2267 Ἐν
1324 2240 1351 2268 δὲ
1372 2239 1533 2278 κιθαριστοῦ
1555 2242 1644 2272 τελέως
1659 2252 1706 2277 με-

908 2283 1056 2318 μαθηκέναι
1072 2280 1129 2318 μῶν
1147 2279 1208 2310 ἄλλο
1228 2294 1251 2310 τι
1268 2282 1299 2317 ἦν
1316 2295 1331 2335 η
1349 2281 1378 2311 τὸ
1396 2282 1432 2319 τῷ
1447 2281 1563 2321 φθόγγοι
1583 2288 1587 2303 ¹
1606 2281 1706 2319 ἑκαστῳ

910 2322 1045 2351 δύνασθαι
1062 2326 1262 2357 ἐπακολουθεῖν,
1281 2326 1360 2356 ποίας
1373 2324 1470 2362 χορδῆς
1484 2327 1533 2360 εἴη
1554 2323 1571 2352 ἆ
1586 2324 1616 2360 δὴ
1632 2336 1705 2353 στοι-

907 2369 965 2401 χεῖα
983 2365 1036 2397 πᾶς
1054 2364 1086 2393 ἄν
1104 2363 1272 2408 ομολογήσειε
1288 2367 1414 2404 μουσικῆς
1430 2369 1571 2405 λέγεσθαις
1611 2371 1705 2395 ΘΕΑΙ.

911 2406 992 2436 Οὐδὲν
1014 2406 1085 2436 α’λλο
1129 2413 1185 2435 ΣΩ.
1205 2409 1252 2436 ‘nv
1272 2411 1319 2446 μὲν
1342 2407 1381 2447 ἄρ
1403 2421 1479 2438 αυτοι
1498 2410 1614 2446 ἔμπειροί
1630 2412 1706 2461 ἐσμεν

909 2452 1043 2485 στοιχείων
1059 2462 1103 2477 και
1121 2450 1266 2487 συλλαβῶν,
1285 2451 1308 2480 εἶ
1326 2452 1366 2480 δεῖ
1382 2449 1436 2480 «ind
1455 2463 1554 2480 τουτων
1571 2452 1703 2488 τεκμαίρε-

908 2496 978 2521 σθαι
1001 2493 1044 2520 καῖ
1065 2492 1102 2523 εἷς
1123 2492 1156 2520 τὰ
1180 2492 1256 2526 ἄλλα,
1279 2493 1347 2522 πολὺ
1364 2493 1394 2522 τὸ
1413 2494 1464 2522 τῶν
1482 2495 1616 2529 στοιχείων
1631 2495 1706 2531 γένος

907 2537 1093 2572 ἐναργεστέραν
1114 2546 1141 2563 τε
1158 2534 1204 2571 τὴν
1219 2535 1316 2574 γνῶσιν
1334 2537 1399 2572 ἔχειν
1415 2535 1534 2573 φήσομεν
1551 2536 1594 2563 καὶ
1611 2547 1702 2573 κυριω-

906 2579 983 2614 τέραν
1008 2576 1053 2612 τῆς
1079 2577 1207 2614 Ψυλλαβῆς
1232 2578 1299 2616 πρὸς
1321 2578 1350 2607 τὸ
1374 2579 1462 2616 λαβεῖν
1483 2581 1572 2609 τελέως
1594 2578 1704 2605 ἕκαστον

904 2619 1028 2656 μάθημα,
1047 2631 1090 2647 και
1109 2618 1154 2647 ἑαν
1168 2631 1206 2651 τις
1219 2621 1256 2658 φῇ
1272 2620 1401 2657 συλλαβὴν
1413 2623 1461 2658 μὲν
1474 2619 1600 2659 γνωστόν,
1618 2618 1701 2657 ἄγνω-

907 2674 972 2690 στον
989 2662 1015 2689 δὲ
1033 2664 1173 2711 πεφυκέναι
1191 2667 1328 2698 στοιχεῖον,
1347 2662 1439 2691 ἑκόντα
1457 2662 1472 2698 ἢ
1491 2661 1588 2691 ἄκοντα
1606 2663 1704 2693 παίζειν

1211 2710 1305 2733 ΘΕΑΙ.
1331 2705 1436 2742 Κομιδῇ
1461 2708 1508 2742 μὲι
1530 2717 1583 2733 ουν.
1627 2709 1702 2731 XLH.

1372 2757 1403 2778 1⁰

905 2702 1051 2742 ἡγησόμεθ
1079 2702 1165 2732 αὐτόν.

1735 1949 1771 1967 206
