1998 3084
55 1907 90 1926 816

27 2678 29 2707 ¹
43 2697 71 2742 at

600 173 792 200 INCERTI
831 171 1063 199 AUCTORIS
1104 172 1255 200 MINOS.

111 266 158 288 τες,
177 255 199 284 εἳ
217 253 231 283 ὅ
249 253 329 292 νόμος
345 252 391 282 τοῦ
410 251 485 284 ὄντος
500 253 568 280 ἐστὶν
584 251 716 289 ἐξεύρεσις,
733 251 779 282 οὐκ
795 250 835 281 ἀεὶ
849 255 904 284 τοῖς

113 296 201 329 αὐτοῖς
221 296 346 334 νόμοιςχ
328 294 457 333 χρωμεθα
478 295 538 332 περὶ
558 295 609 323 τῶν
631 294 726 328 αὐτῶν,
749 295 771 323 εἶ
788 295 821 323 τὰ
840 293 903 323 ὄντα

111 351 141 377 γε
157 338 216 377 ἡμῖν
233 338 374 376 ἐξεύρηται,·
418 342 473 365 ΣΩ.
491 335 620 365 Romam
636 339 683 374 μὲν
701 335 776 365 οὐδὲν
792 333 870 373 ἦττον
889 349 903 365 ο

112 381 191 418 νόμος
211 385 275 409 εἶναι
296 379 342 408 τοῦ
364 377 440 410 ὄντος
462 377 596 416 ἐξεύρεσις
624 379 647 407 εἰ
669 377 692 406 6'
717 378 768 417 α’ρα
789 379 823 416 μὴ
849 382 905 410 τοῖς

112 422 200 454 αὐτοῖς
226 420 266 451 ἀει
291 420 379 458 νόμοις
401 420 514 458 χρῶνται
536 420 689 458 ἄνθρωποι,
716 420 750 452 ὥς
771 421 903 458 δοκοῦμεν,

112 463 157 494 οὐκ
176 463 216 493 ἀεὶ
234 471 238 485 “
258 463 378 492 δύνανται
397 465 547 500 ἐξευρίσκειν
566 462 580 491 ὅ
599 462 718 500 βούλεται
737 462 750 491 ὁ
770 462 856 500 νόμος,
872 463 902 491 τὸ

111 505 148 535 ὅν.
167 507 221 535 ἐπεὶ
238 508 298 543 φέρε
317 506 414 542 ἶδωμεν,
432 505 476 533 ἐὰν
494 504 545 542 α’ρα
563 504 622 542 ἡμῖν
640 506 744 534 ἐνθένδε
760 505 904 540 κατάδηλον

109 551 223 588 γένηται,
245 550 294 576 εἴτε
316 551 371 578 τοῖς
393 545 481 578 αὐτοις
503 546 543 575 ἀεὶ
564 547 653 585 νόμοις
672 546 801 585 χρώμεθα
823 546 838 583 ἢ
857 546 902 574 α’λ-

111 593 168 619 λοτε
187 589 283 622 ἄλλοις,
306 590 349 617 καὶ
370 589 392 617 εἷ
415 601 526 620 απαντες
547 593 602 621 τοῖς
624 588 712 621 αὐτοῖς
728 588 744 624 ἢ
763 588 835 618 ἄλλοι
858 588 902 616 ἆλ-

111 636 171 664 λοις.
214 638 243 660 V.
261 637 311 660 ET.
329 631 403 660 And:
421 631 500 660 τοῦτο’
517 644 554 670 γε,
574 632 594 659 ὠ
611 631 759 669 Σωκρατες,
779 630 809 660 οὐ
825 634 902 666 χαλε-

110 675 162 704 πὸν
177 675 280 713 γνῶναι,
299 674 339 702 ὅτι
357 685 416 702 ουτε
435 674 461 702 οἱ
480 672 554 702 αὐτοι
577 672 617 702 ἀεὶ
638 677 693 705 τοῖς
711 672 800 704 αὐτοῖς
816 672 905 710 νόμοις

108 717 231 769 χρῶνται,
260 715 332 744 ἄλλοι
353 727 380 744 τε
403 714 498 747 α’λλοις’
527 717 581 744 ἐπει
604 714 693 744 αὐτίκα
715 714 774 752 ἡμῖν
799 718 846 752 μὲν
873 713 904 743 οὐ

111 758 190 797 νόμος
208 759 277 787 ἐστὶν
295 757 455 796 ἀνθρωπους
468 757 553 791 θύειν,
572 756 623 786 ἆλλ
642 756 757 790 ἀνόσιον,
775 763 779 778 ¹
794 762 902 795 Καρχη-

112 800 192 830 δόνιοι
219 801 246 829 δὲ
277 800 403 833 θύουσιν,
435 799 468 832 ὦς
494 799 569 829 ὅσιον
595 799 625 828 ὂν
651 801 694 828 καὶ
712 799 829 851 νόμιμον
856 798 902 827 αῦ-

111 855 172 876 τοις,
190 843 234 871 καὶ
251 843 333 871 ταῦτα
356 844 417 871 ἔνιοι
439 841 523 871 αὐτῶν
544 843 587 870 καὶ
608 842 668 874 τοὺς
690 841 774 870 αὖτῶν
790 843 852 873 υιεῖς
869 854 905 879 τῳ

110 884 216 924 Κρόνῳ,
239 884 273 916 ὦς
291 888 352 916 ἴσως
373 885 416 913 καὶ
431 884 464 913 σὺ
487 883 725 934 &numanati-51⁷¹]
744 885 784 912 ὅτι
803 883 902 921 βάρβα-

110 940 152 966 ροι
170 927 309 965 α’νθρωποι
330 926 400 969 ἡμῶν
422 926 508 958 α’λλοις
528 925 617 964 νόμοις
636 926 760 964 χρῶνται,
780 925 843 954 ἀλλὰ
862 938 905 954 και

112 971 138 999 οἳ
155 973 181 998 ἐν
197 969 228 1006 τῇ
247 971 348 1005 Λυκαίᾳ
367 981 439 997 ουτοι
457 970 500 996 καὶ
519 970 544 997 οἱ
559 968 606 997 τοῦ
620 967 811 1006 Λθαμαντος’
804 970 905 1007 ε’κγονοι

112 1014 168 1044 οἵας
185 1013 284 1043 θυσίας
301 1011 415 1040 θύουσιν
432 1010 546 1046 Έλληνες
567 1010 654 1042 ὀντες]
675 1010 758 1062 ὥςπερ
779 1011 821 1039 καῖ
839 1009 906 1047 ἡμᾶς

113 1053 205 1085 αὐτοὺς
231 1052 318 1082 οἶσθά
344 1065 396 1082 που
422 1066 465 1081 και
491 1051 569 1084 αυτὸς
591 1052 703 1085 ἀκούων,
731 1064 795 1084 οιοις
817 1051 905 1089 νόμοις

112 1096 249 1134 ἐχρώμεθα
267 1095 318 1133 πρὸ
340 1095 387 1124 τοῦ
408 1096 468 1133 περὶ
485 1095 546 1127 τοὺς
563 1093 760 1127 ἀποθανόντας,
780 1094 860 1147 ιερεῖοἱ
878 1106 904 1122 τε

111 1149 324 1176 προσφαττοντες
340 1137 392 1175 πρὸ
411 1138 455 1174 τῆς
473 1137 584 1175 ἐκφορᾶς
601 1138 647 1165 τοῦ
666 1137 756 1190 νεκροῦ
775 1149 817 1164 και
837 1143 840 1157 ¹
861 1140 902 1175 ἐγ-

109 1182 279 1230 χυτριο-τρίας
285 1179 521 1218 μεταπεμπόμενοι·
542 1181 567 1208 οῖ
583 1178 607 1207 6
625 1180 658 1208 αὖ
673 1181 771 1208 ἐκείνων
787 1180 822 1207 ἔτι
836 1178 903 1216 πρό<

111 1235 181 1261 τεροι
199 1221 280 1251 αὐτοῦ
297 1223 340 1251 καὶ
358 1223 480 1251 ἔθαπτον
498 1225 524 1250 ἐν
540 1222 572 1259 τῇ
588 1222 655 1258 οἰκίᾳ
670 1233 730 1254 τους
745 1220 903 1250 ἀποθανόν-

111 1276 167 1298 τας’
185 1264 256 1303 ἡμεῖς
274 1265 301 1293 δὲ
317 1277 415 1294 τουτων
433 1263 507 1293 οῦδὲν
523 1265 655 1302 ποιοῦμεν.
678 1266 756 1302 μυρία
775 1263 798 1292 6
820 1262 852 1292 ὄίν
868 1274 906 1294 τις

113 1309 166 1344 ἔχοι
187 1308 295 1336 τοιαῦτα
317 1307 408 1336 εἰπεῖν’
435 1307 517 1343 πολλὴ
538 1307 589 1356 γὰρ
611 1305 751 1360 εὐρυχωρία
773 1306 817 1342 τῆς
835 1305 903 1334 ἀπο-

113 1351 221 1383 δείξεως,
248 1348 282 1381 ὥς
308 1349 366 1378 ου’τε
387 1348 458 1387 ἡμεῖς
478 1348 537 1387 ἡμῖν
559 1348 647 1380 αὐτοῖς
669 1348 709 1377 ἀεὶ
730 1348 797 1377 κατὰ
823 1347 905 1377 ταῦτὰ

112 1394 246 1430 νομίζομεν
272 1391 331 1420 ου’τε
358 1390 474 1427 αλλήλοις
501 1392 527 1420 οἳ
554 1391 702 1429 ἅνθρωποι
749 1397 805 1419 ΣΩ.
827 1389 906 1419 Οὐδέν

112 1447 153 1464 τοι
173 1433 334 1472 θαυμαστόν
356 1438 435 1467 ἐστιν,
463 1435 483 1462 ὦ
506 1435 625 1471 βέλτιστε,
653 1434 675 1462 εἶ
698 1433 730 1462 σὺ
750 1436 797 1471 μὲν
815 1431 906 1482 ὀρθῶς

113 1479 199 1516 λέγεις,
219 1479 260 1514 ἐμὲ
279 1478 305 1505 δὲ
322 1476 400 1505 τοῦτο
418 1479 534 1511 λέληθεν.
558 1475 609 1504 ἀλλ
630 1477 676 1508 ἕως
694 1475 725 1504 ἄν
744 1475 776 1504 σύ
794 1488 821 1504 τε
839 1475 905 1503 κατὰ

115 1519 212 1548 σαυτὸν
236 1521 311 1557 λέγῃς
332 1518 349 1547 οἵ
371 1531 415 1548 σοι
441 1520 511 1547 δοκει
529 1525 533 1539 ¹
550 1531 640 1556 μακρῳ
665 1517 734 1556 λόγῳ
761 1519 803 1546 καῖ
829 1517 907 1545 παλιν

114 1561 174 1601 ἐγω,
194 1559 268 1590 ουδὲν
305 1573 405 1598 μνποτε
424 1561 568 1598 ξυμβαῖμεν,
591 1560 624 1592 ὦς
642 1560 691 1599 ἐγὼ
709 1559 791 1598 οἶμαι·
817 1560 862 1588 ἐὰν
879 1561 906 1588 δὲ

114 1603 199 1633 κοινὸν
219 1603 288 1640 τεθῇ
310 1604 340 1632 τὸ
363 1606 474 1641 σκέμμα,
501 1601 556 1639 τάχ’
582 1616 613 1631 αν
638 1601 853 1642 ὁμολογήσαιμεν.
884 1602 907 1630 εἰ

113 1648 176 1700 μὲν,
175 1646 222 1675 οὖν
239 1645 331 1683 βούλει,
349 1645 550 1687 πυνθανόμενός
564 1658 587 1674 τι
602 1658 656 1683 παρ
683 1645 745 1682 ἐμοῦ
763 1645 835 1682 κοινῇ
851 1656 899 1682 μετ

115 1688 176 1726 ἐμοῦ
199 1687 301 1717 σκόπει
328 1688 351 1716 εἶ
373 1686 397 1716 6
418 1688 450 1716 αὖ
477 1687 573 1724 βούλει,
602 1685 811 1725 αποκρινόμενος
855 1693 906 1715 ET

114 1729 175 1760 AM?
194 1733 285 1763 ἐθέλω,
304 1742 324 1758 ω
341 1729 485 1768 Σωκρατες,
505 1728 697 1767 ἀποκρίνεσθαι
719 1729 735 1758 ὅ
752 1742 776 1758 τι
795 1728 826 1757 ἂν
844 1728 905 1766 βου-

114 1775 152 1811 λῃ.
195 1779 235 1801 V1.
253 1778 308 1801 ΣΩ
331 1775 394 1811 Φέρε
417 1772 446 1808 δὴ
469 1772 502 1801 σὺ
523 1772 621 1810 πότερα
644 1774 750 1809 νομίζεις
771 1771 803 1800 τὰ
822 1773 907 1800 δίκαια

116 1814 190 1844 ιῗῦικα
207 1813 271 1844 εἶναι
288 1816 332 1843 καὶ
348 1815 381 1843 τὰ
400 1814 475 1843 ἄδικα
494 1816 590 1847 δίκαια,
613 1814 628 1850 ἢ
650 1814 682 1843 τὰ
699 1817 747 1851 μὲν
765 1815 849 1842 δίκαια
868 1815 905 1841 δί-

114 1869 182 1891 καια,
199 1857 232 1886 τὰ
250 1858 277 1886 δὲ
295 1856 369 1885 ἄδικα
388 1856 476 1890 ἄδικα,-

115 1901 198 1928 δίκαια
215 1900 258 1928 καῖ
276 1899 309 1928 τὰ
327 1898 402 1928 ἄδικα
419 1898 501 1927 ἄδικα.

520 1863 571 1885 ΕΤ.
587 1855 650 1895 Ἐγώ
667 1860 714 1894 μὲν
730 1856 762 1885 τά
781 1869 807 1885 τε
823 1857 907 1884 δίκαια

545 1905 601 1927 ΣΩ.
622 1899 722 1928 Οὐκοῦν
739 1903 752 1917 *
774 1900 817 1927 καὶ
834 1898 907 1936 παρὰ

115 1942 195 1971 πᾶσιν
212 1941 300 1975 οὕτως,
319 1941 353 1974 ὦς
371 1941 476 1974 ἐνθάδε,
495 1944 634 1979 νομίζεταις
678 1947 728 1970 ET.
750 1943 812 1969 Ναί.

118 1983 216 2014 Οὐκοῦν
231 1985 274 2013 καὶ
293 1988 319 2013 ἐν
334 1987 464 2023 Πέρσαιςς
508 1990 558 2012 ΕΤ.
576 1985 632 2012 Καὶ
651 1987 676 2012 ἐν
693 1986 816 2021 Πέρσαις.
852 1989 907 2011 ΣΩ.

115 2025 175 2056 Ἀλλ
200 2025 239 2055 αεὶ
266 2026 361 2062 §ninom
412 2033 462 2054 ET.
485 2028 541 2055 Λεί.
594 2032 648 2054 ΣΩ.
676 2026 796 2063 Πότεροι
823 2027 849 2054 δὲ
876 2024 907 2053 τὰ

115 2071 202 2098 πλεῖον
217 2069 321 2098 ἕλκοντα
337 2068 464 2120 βαρυτερα
480 2071 606 2106 νομίζεται
622 2067 726 2101 ἐνθαδε,
743 2081 774 2095 τα
792 2069 817 2096 δὲ
834 2069 906 2096 ἔλατ-

116 2124 161 2140 τον
186 2110 343 2149 κουφότερα,
370 2110 385 2147 ἦ
412 2110 576 2145 τοῦναντίονς
619 2117 670 2139 ΕΤ.
692 2109 755 2143 Οὔκ,
784 2109 848 2138 ἀλλὰ
875 2109 907 2138 τὰ

115 2156 203 2183 πλειον
225 2154 329 2182 ἕλκοντα
352 2153 491 2191 βαρύτερα,
520 2166 552 2182 τα
575 2154 602 2182 δὲ
625 2154 730 2181 ἔλαττον
753 2151 908 2189 κουφότερα.

116 2201 171 2224 ΣΩ.
192 2194 290 2225 Οῦκοῦν
310 2197 354 2224 καὶ
376 2200 401 2224 ἐν
422 2194 571 2234 Καρχηδόνι
592 2196 635 2224 καὶ
657 2199 683 2223 ἐν
700 2197 814 2231 Λυκαίοις
858 2200 909 2223 ΕΤ.

119 2240 180 2266 Ναί.
222 2244 277 2266 ΣΩ.
298 2238 336 2266 Τὰ
353 2240 400 2275 μὲν
417 2238 491 2270 καλά,
510 2237 544 2270 ὦς
562 2240 634 2271 ἔοικε,
653 2238 789 2273 πανταχοῦ
810 2239 907 2275 νομίζε-

118 2292 159 2309 ται
177 2286 181 2301 ¹
199 2280 265 2309 καλὰ
282 2281 325 2308 καὶ
342 2280 374 2309 τὰ
394 2280 489 2317 αἰσχρὰ
509 2279 617 2318 αἰσχρά,
641 2278 692 2308 ἀλλ’
713 2279 744 2309 οὗ
762 2280 794 2308 τὰ
813 2279 909 2317 αἰσχρὰ

117 2321 182 2350 καλὰ
200 2321 258 2351 οὐδὲ
275 2322 308 2351 τὰ
325 2322 391 2351 καλὰ
411 2322 514 2360 αἰσχροί.
557 2328 607 2350 ET.
630 2322 722 2354 Οὕτως.
766 2328 820 2350 ΣΩ.
842 2320 907 2350 Οὐκ-

119 2364 171 2397 οῦν,
189 2363 224 2396 ὦς
239 2364 305 2394 κατὰ
323 2365 428 2393 πάντων
445 2364 537 2397 εἰπεῖν,
560 2364 592 2393 τὰ
612 2364 674 2393 ὄντα
692 2366 819 2402 νομίζεται
837 2362 908 2396 εἶναι,

119 2405 149 2436 οὗ
169 2407 202 2435 τὰ
222 2407 256 2444 μὴ
279 2406 353 2440 ὄντα,
372 2408 416 2435 καὶ
437 2405 497 2444 παρ’
517 2406 576 2444 ἡμῖν
597 2407 640 2435 καὶ
661 2407 734 2445 παρὰ
751 2410 807 2438 τοῖς
825 2406 910 2437 ἄλλοις

119 2448 222 2478 α’πασιν.
269 2455 319 2478 ΕΤ.
338 2448 440 2488 Ἐμοιγε
467 2450 544 2477 δοκεῖ.
587 2454 643 2477 ΣΩ.
657 2447 701 2481 Ος
727 2447 758 2478 ἂν
785 2448 836 2486 ἆρα
863 2448 910 2477 τοῦ

119 2489 193 2522 ὄντος
214 2489 360 2533 ἁμαρτάνῃ,
387 2491 435 2520 τοῦ
457 2493 566 2541 νομίμου
593 2489 740 2529 ἆμαρτοῖνει.
784 2497 909 2519 V11.1·:T.

122 2532 192 2562 Οὕτω
208 2536 261 2571 μέν,
280 2546 300 2562 ω
317 2533 460 2571 Σώκρατες,
483 2532 517 2565 ὡς
535 2533 568 2562 σὺ
585 2536 670 2572 λέγεις,
692 2532 774 2562 ταῦτὰ
792 2535 911 2570 φαίνεται

118 2574 212 2613 νόμιμα
230 2576 273 2603 καῖ
289 2574 347 2612 ἡμῖν
365 2588 404 2604 αει
421 2576 465 2604 καὶ
482 2579 537 2607 τοῖς
555 2574 650 2607 αλλοις·
674 2575 776 2604 ἐπειδὰν
794 2574 817 2603 6
839 2579 908 2604 ἐννο-

118 2615 184 2652 ήσω,
209 2617 248 2646 ὅτι
270 2616 344 2646 οῦδὲν
365 2617 510 2656 παυόμεθα
533 2616 585 2646 ἅνω
605 2624 608 2638 ¹
627 2617 696 2646 κάτω
712 2620 911 2656 μετατιθέμενοι

121 2658 180 2691 τοὺς
196 2659 302 2697 νόμους,
326 2658 357 2688 οὗ
374 2659 484 2698 δύναμαι
504 2660 656 2697 πεισθῆναι.
699 2665 755 2689 ΣΩ.
769 2659 844 2692 Ἴσως
859 2660 911 2699 γὰρ

122 2699 166 2730 οὐκ
188 2705 281 2733 ἐννοεῖς
302 2701 383 2730 ταῦτα
404 2701 642 2740 μεταπεττευόμενα
665 2701 704 2731 ὅτι
725 2701 807 2731 ταύτά
835 2706 911 2730 ἐστιν.

852 1946 907 1968 ΣΩ.
928 1962 930 1965 ,

1699 171 1748 197 287

955 250 1007 279 ἀλλ’
1027 247 1075 280 ὦδε
1099 264 1146 289 μετ
1174 252 1235 289 ἐμοῦ
1263 250 1329 281 αὐτὰ
1357 251 1443 290 ἄθρει.
1476 251 1523 288 ἤδη
1548 253 1613 279 ποτὲ
1639 252 1749 285 ἐνέτυχες

955 293 1134 333 ξυγγραμματι
1151 295 1210 332 περὶ
1226 293 1323 335 ὑγιείας
1340 294 1390 324 τῶν
1407 293 1568 331 καμνόντων;
1604 299 1655 320 ET.
1666 291 1746 330 Ἔγω-

954 349 991 374 γε.
1023 342 1077 364 ΣΩ.
1101 335 1192 365 Οἶσθα
1211 337 1264 369 οὐν,
1283 339 1351 368 τίνος
1368 340 1454 372 τέχνης
1472 334 1549 365 τοῦτο’
1568 339 1622 363 ἐστι
1636 334 1666 363 τὸ
1683 334 1746 373 σύγ-

954 391 1073 428 γραμμα;
1122 384 1171 406 ΕΤ.
1194 377 1257 406 Οἶδα
1280 378 1320 407 ὅτι
1342 379 1461 417 ἷατρικης.
1509 383 1564 406 ΣΩ.
1586 376 1684 406 Ουκοῦν
1706 377 1747 404 ἷα-

955 421 1031 457 τροὺς
1057 423 1141 451 καλεῖς
1163 421 1224 452 τοὺς
1251 420 1422 458 ἐπιστήμονας
1447 433 1507 458 περι
1536 431 1646 452 τουτων;
1698 424 1748 446 ΕΤ.

959 464 1032 500 Φημί.
1077 468 1132 490 ΣΩ.
1148 462 1269 500 Πότερον
1287 475 1333 491 ουν
1351 464 1377 491 οἱ
1393 462 1559 499 ἐπιστήμονες
1575 468 1578 482 ¹
1595 460 1675 489 ταῦτα
1691 473 1750 498 περι

955 505 1006 533 τῶν
1032 502 1116 532 αυτῶν
1142 506 1288 541 νομίζουσιν
1313 518 1328 539 η
1356 505 1428 533 α’λλοι
1455 504 1532 537 α’λλας

956 548 1041 585 ἔμοιγε
1060 546 1188 574 δοκοῦσιν.
1233 552 1287 574 ΣΩ.
1303 546 1424 584 Ποτερον
1440 548 1466 574 οῖ
1479 546 1591 581 Έλληνες
1604 544 1682 583 μόνοι
1695 548 1751 576 τοῖς

952 589 1066 623 Ἐλλησιν
1083 587 1099 623 ἢ
1116 600 1159 616 και
1182 589 1208 616 οἱ
1229 587 1357 626 βάρβαροι
1380 588 1468 620 αὐτοῖς
1485 600 1511 616 τε
1530 601 1573 616 και
1594 591 1649 619 τοῖς
1662 586 1748 622 Ἐλλη-

956 643 990 663 σι,
1009 642 1067 667 περι
1086 631 1121 657 ὡν
1140 642 1172 657 αν
1189 630 1284 662 εἶδῶσι,
1303 629 1385 658 ταύτὰ
1403 632 1546 667 νομίζουσις
1590 636 1640 657 ΕΤ.
1660 628 1749 657 Ταυτὰ

956 671 1039 708 δήπου
1056 672 1137 707 πολλὴ
1156 670 1253 710 ἀνάγκη
1272 673 1327 700 ἐστὶ
1344 671 1405 703 τοὺς
1426 672 1528 703 εἰδότας
1550 670 1644 703 αὐτοὺς
1663 670 1752 703 αὖτοῖς

956 715 1111 751 συννομίζειν
1128 715 1171 742 καὶ
1185 714 1304 750 Ἕλληνας
1320 715 1364 742 καὶ
1386 714 1539 752 βαρβάρους.
1583 719 1638 741 ΣΩ.
1657 714 1751 745 Καλῶς

954 769 984 795 γε
1003 754 1136 793 ἀπεκρίνω.
1156 754 1249 784 οὐκοῦν
1266 757 1309 784 καὶ
1327 756 1378 790 ἀεί,-
1407 762 1457 784 ΕΤ.
1478 757 1534 783 Ναὶ
1551 757 1593 783 καὶ
1613 754 1659 784 ἀεί.
1686 762 1750 783 Vm.

955 804 1010 827 ΣΩ.
1032 796 1131 828 Οὐκοῦν
1152 811 1195 826 και
1218 799 1244 826 οῖ
1265 798 1351 836 ἶατροι
1373 797 1555 836 συγγράφουσι
1575 799 1634 835 περὶ
1655 797 1751 836 ὑγιείας

956 840 1021 878 α’περ
1039 853 1083 868 και
1102 847 1106 861 ¹
1124 842 1270 894 νομίζουσιν
1291 845 1366 874 sivan,-
1410 847 1460 868 ET.
1479 842 1540 868 Ναί.
1585 845 1640 867 ΣΩ.
1657 838 1748 877 Ιατρι-

955 883 987 911 κὰ
1012 882 1063 920 ἆρα
1089 884 1133 910 καὶ
1159 883 1269 920 ἰατρικοὶ
1296 882 1371 920 νόμοι
1396 882 1478 910 ταῦτα
1506 895 1537 910 τα
1560 881 1749 922 συγγράμματα

957 927 1011 954 ἐστι
1028 925 1060 953 τὰ
1078 925 1129 953 τῶν
1147 925 1253 962 ἶατρῶν;
1629 929 1684 951 ΣΩ.
1700 922 1747 961 Ἆρ’

956 969 1002 996 οὐν
1023 980 1066 995 και
1088 967 1120 995 τὰ
1141 967 1269 1005 γεωργικὰ
1297 979 1488 1008 συγγραμματα
1513 978 1649 1019 γεωργικοι
1675 965 1750 1003 νόμοι

955 1010 1018 1043 εἶσί;
1062 1015 1112 1037 ET.
1130 1011 1193 1037 Ναί.
1237 1015 1292 1037 ΣΩ.
1310 1011 1390 1037 Τίνων
1405 1021 1451 1037 ουν
1469 1010 1524 1037 ἐστι
1541 1008 1573 1037 τὰ
1591 1010 1650 1046 περὶ
1664 1021 1750 1043 κηπων

956 1053 1078 1090 ἐργασίας
1096 1064 1287 1090 σὐγγραμματα
1309 1052 1352 1079 καὶ
1374 1050 1481 1089 νόμιμα;
1526 1057 1576 1079 ET.
1594 1051 1749 1088 Κηπουρῶν.

956 1100 1011 1122 ΣΩ.
1030 1095 1193 1131 Κηπουρικοὶ
1220 1093 1271 1131 ἄρα
1297 1093 1373 1131 νόμοι
1399 1094 1458 1131 ἡμῖν
1484 1093 1550 1122 εἶσὶν
1571 1089 1655 1127 οὗτοις
1699 1099 1749 1121 ΕΤ.

958 1138 1020 1164 Ναί.
1073 1141 1128 1164 ΣΩ.
1156 1137 1214 1164 Τῶν
1241 1139 1415 1173 ἐπισταμένων
1440 1135 1527 1171 κήπων
1554 1134 1652 1173 ἅρχεινς
1700 1141 1750 1163 ET.

956 1178 1018 1209 Πῶς
1041 1176 1064 1205 δ’
1085 1177 1128 1212 ου’,-
1173 1183 1228 1206 ΣΩ.
1245 1176 1410 1207 Ἐπίο-τανται
1432 1176 1455 1206 δ’
1476 1179 1502 1206 οῖ
1523 1179 1656 1215 κηπουροί.
1699 1183 1750 1205 ET.

958 1222 1021 1248 Ναί.
1065 1226 1120 1249 ΣΩ.
1142 1222 1221 1249 Τίνων
1243 1222 1270 1249 δὲ
1291 1220 1324 1249 τὰ
1346 1222 1403 1258 περὶ
1431 1219 1502 1258 ὄψου
1524 1222 1664 1251 σκευασίας
1686 1232 1750 1258 συγ-

955 1276 1095 1302 γραμματα
1114 1275 1141 1292 τε
1159 1264 1202 1291 καὶ
1219 1262 1327 1300 νόμιμα,·
1363 1269 1412 1291 ET.
1429 1264 1578 1301 Μαγείρων.
1613 1268 1668 1289 ΣΩ.
1684 1267 1749 1289 Μα-

955 1307 1062 1344 γειρικοὶ
1081 1317 1132 1343 αρα
1150 1317 1225 1343 νομοι
1243 1305 1305 1339 εἰσί,
1349 1311 1395 1333 ET.
1414 1306 1578 1358 Μαγειρικοί.
1622 1310 1678 1332 ΣΩ.
1695 1305 1752 1332 Τῶν

957 1350 1138 1385 ἐπισταμένων,
1157 1346 1191 1379 ὦς
1209 1349 1295 1381 ἔοικεν,
1315 1358 1386 1385 οψου
1401 1349 1540 1397 σκευασίας
1556 1359 1654 1384 αρχειν;
1672 1350 1685 1363 *
1700 1352 1750 1374 ET.

959 1392 1021 1418 Ναί.
1065 1395 1121 1418 ΣΩ.
1138 1388 1303 1418 Ἐπίστανται
1326 1389 1359 1423 6,
1387 1389 1421 1421 ὤς
1446 1401 1539 1426 φασιν,
1567 1390 1593 1417 οἱ
1617 1388 1750 1427 μάγειροι,-

957 1439 1006 1461 ΕΤ.
1023 1431 1188 1461 Ἐπίο-τανται
1205 1445 1264 1470 γαρ.
1308 1438 1364 1460 ΣΩ.
1383 1436 1448 1460 Εἶεν.
1470 1433 1544 1460 τίνων
1561 1432 1588 1460 δὲ
1606 1431 1635 1467 δὴ
1653 1443 1685 1459 τα
1703 1443 1749 1459 πε-

957 1476 983 1513 ρὶ
1008 1474 1107 1506 πόλεως
1137 1474 1284 1524 διοικησεως
1315 1473 1505 1513 συγγράμματα
1532 1486 1559 1502 τε
1586 1474 1629 1502 καὶ
1655 1471 1751 1511 νόμιμα

958 1521 1039 1550 ἐοἿινς
1059 1515 1098 1555 αρ’
1119 1516 1150 1546 οὗ
1172 1517 1223 1545 usne
1245 1519 1419 1554 επιο-ταμένων
1440 1516 1540 1545 πολεων
1558 1528 1656 1554 αρχειν;
1699 1521 1751 1543 ΕΤ.

954 1560 1055 1598 Ἐμοιγε
1077 1560 1153 1588 δοκεῖ.
1197 1565 1252 1587 ΣΩ.
1269 1558 1433 1587 Ἐπίστανται
1457 1560 1483 1587 δὲ
1505 1558 1577 1587 α’λλοι
1599 1560 1663 1589 τινὲς
1683 1557 1698 1593 ἦ
1727 1558 1752 1586 οἳ

957 1603 1086 1630 πολιτικοί
1106 1614 1132 1630 τε
1154 1602 1197 1629 καὶ
1220 1602 1246 1630 οἱ
1269 1602 1408 1638 βασιλικῶς
1451 1607 1502 1629 ΕΤ.
1528 1602 1605 1629 Οὗτοι
1625 1603 1672 1637 μὲν
1699 1612 1750 1628 ουν.

958 1651 1001 1672 lx.
1020 1650 1074 1672 ΣΩ.
1093 1643 1219 1673 Πολιτικὰ
1240 1643 1291 1681 ἄρα
1309 1645 1391 1671 ταῦτα
1410 1642 1600 1682 συγγράμματά
1616 1647 1691 1675 ἐστι),
1709 1653 1753 1673 ους

959 1688 984 1715 οἱ
1003 1685 1144 1724 ἅνθρωποι
1161 1686 1257 1723 νόμους
1274 1686 1390 1719 καλοῦσι,
1410 1687 1534 1723 βασιλέων
1552 1697 1578 1713 τε
1596 1686 1638 1712 καὶ
1655 1683 1754 1722 ἀνδρῶν

959 1728 1072 1767 αγαθῶν
1100 1735 1103 1749 ¹
1112 1727 1329 1781 συγγράμματα.
1372 1734 1423 1756 ΕΤ.
1444 1727 1542 1763 ,Ἀληθῆ
1569 1730 1653 1766 λέγεις.
1697 1732 1753 1754 ΣΩ.

954 1770 1029 1800 Ἀλλο
1048 1783 1070 1799 τι
1090 1783 1146 1804 ουν;
1167 1773 1193 1799 οἵ
1207 1783 1237 1809 γε
1256 1769 1421 1808 ἐπισταμενοι
1439 1769 1485 1799 οὐκ
1502 1769 1592 1798 α’λλοτε
1608 1769 1672 1797 α’λλα
1688 1781 1751 1807 συγ-

957 1824 1092 1852 γραψουσι
1109 1825 1168 1851 περι
1186 1814 1236 1841 τῶν
1254 1811 1350 1846 αυτῶν;
1394 1819 1444 1840 ET.
1463 1812 1506 1841 Ου.
1551 1818 1606 1840 ΣΩ.
1625 1810 1689 1840 Ουδέ
1706 1823 1752 1848 με-

959 1855 1125 1891 ταθήσονταί
1141 1867 1205 1884 ποτε
1223 1857 1281 1893 περὶ
1299 1856 1349 1883 τῶν
1367 1853 1451 1883 αὐτῶν
1469 1855 1541 1897 ἕτερα
1559 1856 1602 1882 και
1621 1854 1693 1890 ἕτερα
1708 1853 1752 1882 νό-

957 1911 1035 1935 μιμα,·
1080 1904 1130 1926 ΕΤ.
1152 1896 1189 1926 Οὐ
1211 1898 1282 1932 δῆτα.
1326 1903 1382 1926 ΣΩ
1403 1896 1461 1925 Ἐὰι
1489 1893 1534 1926 οῦν
1561 1895 1660 1934 ορώμὲν
1685 1907 1755 1927 τινας

960 1940 1076 1969 ὁπουοῦν
1093 1940 1171 1969 τοῦτο
1189 1941 1337 1972 ποιοῦντας,
1356 1939 1454 1978 πότερα
1472 1939 1590 1976 φήσομεν
1613 1938 1752 1975 ἐπιστήμο

959 1995 1004 2014 νας
1021 1981 1086 2011 εἶναι
1103 1982 1118 2018 ἢ
1137 1981 1343 2019 ἆνεπιστημονας
1360 1993 1420 2013 τους
1434 1983 1511 2010 τοῦτο
1527 1981 1680 2014 ποιοῦντας;
1704 1987 1753 2021 ET.

960 2024 1180 2062 Άνεπιστήμονας.
1224 2030 1280 2052 ΣΩ.
1302 2023 1401 2053 Οὐκοῦν
1418 2037 1460 2052 και
1479 2023 1494 2052 ὅ
1510 2026 1557 2061 μὲν
1575 2023 1607 2052 ἂν
1624 2022 1712 2061 ὀρθὸν
1729 2023 1753 2060 ᾖ,

959 2067 1068 2105 νόμιμον
1086 2066 1149 2095 αὐτὸ
1168 2066 1285 2115 φήσομεν
1306 2066 1406 2103 ἑκαστῳ
1423 2065 1499 2099 εἶναι,
1521 2065 1536 2102 ἢ
1559 2065 1589 2094 τὸ
1608 2065 1723 2104 ἰατρικὸν
1740 2078 1754 2100 η

959 2110 988 2138 τὸ
1011 2110 1160 2148 μαγειρικὸν
1181 2108 1196 2145 ἢ
1218 2110 1247 2137 τὸ
1262 2108 1446 2160 κηπουρικόν,·
1486 2115 1537 2137 ΕΤ
1558 2110 1620 2136 Ναί.
1665 2114 1720 2136 ΣΩ.
1750 2114 1753 2128 ¹

1298 931 1348 953 ET
1365 923 1476 962 Ἰατρικὰ
1490 927 1584 962 μέντοι.

954 2151 985 2181 Ὁ
1003 2150 1027 2179 δ’
1049 2151 1080 2180 ἂν
1096 2152 1130 2189 μὴ
1150 2150 1238 2189 ορθὸν
1254 2152 1282 2188 ᾖ,
1306 2150 1389 2180 οὐκετι
1410 2150 1528 2188 φήσομεν
1550 2151 1627 2179 τοῦτο
1647 2150 1755 2187 νόμιμον

959 2193 1036 2227 εἶναις
1080 2200 1131 2222 ΕΤ.
1153 2193 1247 2222 Οὐκέτι.
1291 2199 1347 2221 ΣΩ.
1362 2193 1473 2231 Ἀνομον
1492 2192 1543 2231 ἄρα
1560 2195 1681 2232 γίγνεται.
1704 2198 1753 2220 ET.

959 2236 1074 2275 Ἀνάγκη.
1119 2242 1174 2264 ΣΩ.
1196 2234 1295 2264 Ουκοῦν
1316 2237 1358 2264 καὶ
1380 2239 1405 2264 ἐν
1426 2239 1481 2267 τοῖς
1499 2247 1684 2288 συγγραμμασι
1700 2238 1756 2266 τοῖς

959 2280 1019 2317 περὶ
1044 2278 1095 2307 τῶν
1121 2280 1223 2306 δικαίων
1245 2279 1288 2306 καὶ
1310 2276 1403 2306 ἀδίκων
1424 2279 1467 2306 καὶ
1489 2277 1554 2310 ὅλως
1574 2290 1633 2315 περι
1656 2276 1755 2308 πόλεως

961 2320 1155 2358 διακοσμήσεως
1176 2332 1203 2349 τε
1225 2321 1269 2348 καὶ
1289 2321 1349 2358 περὶ
1370 2320 1417 2349 τοῦ
1435 2319 1469 2352 ὦς
1483 2321 1532 2358 χρὴ
1550 2320 1626 2349 πόλιν
1644 2321 1753 2351 διοικεῖν,

962 2363 991 2392 τὸ
1008 2366 1055 2401 μὲν
1073 2362 1162 2401 ὀρθὸν
1178 2362 1258 2400 νόμος
1276 2363 1331 2391 ἐστὶ
1353 2362 1495 2399 βασιλικός,
1518 2363 1547 2391 τὸ
1571 2364 1598 2391 δὲ
1614 2362 1648 2400 μὴ
1667 2360 1755 2399 ὀρθὸν

961 2405 1005 2438 ου’,
1033 2404 1048 2434 ὅ
1071 2407 1141 2434 δοκεῖ
1161 2404 1241 2443 νόμος
1266 2403 1331 2433 εἶναι
1352 2408 1407 2437 τοῖς
1427 2405 1461 2442 μὴ
1487 2404 1595 2434 εἰδόσιν·
1625 2406 1678 2432 ἔστι
1703 2404 1754 2442 γὰρ

961 2448 1067 2485 ἄνομον.
1111 2454 1161 2476 ET.
1182 2449 1244 2476 Ναί.
1288 2453 1344 2476 ΣΩ.
1361 2445 1464 2485 Ὀρθῶς
1482 2447 1533 2485 ἄρα
1551 2446 1755 2485 ὡμολογήσαμεν

961 2489 1041 2528 νόμον
1058 2488 1123 2518 εἶναι
1142 2497 1145 2511 ¹
1165 2490 1211 2519 τοῦ
1233 2488 1309 2522 ὄντος
1329 2489 1435 2528 εὕρεσιν.
1478 2496 1530 2519 ΕΤ.
1551 2492 1679 2518 Φαίνεται.
1723 2494 1754 2516 X.

961 2538 1015 2561 ΣΩ.
1030 2531 1083 2560 Ἐτι
1105 2533 1131 2560 δὲ
1153 2533 1196 2560 καὶ
1217 2531 1276 2560 τόδε
1299 2536 1325 2561 ἐν
1347 2531 1416 2570 αῦτω
1437 2531 1613 2570 θεασωμεθα.
1640 2533 1677 2562 τίς
1699 2534 1753 2559 ἐπι-

961 2574 1064 2612 στήμων
1086 2575 1211 2611 διανεῖμαι
1233 2575 1275 2602 ἐπὶ
1294 2574 1329 2613 γῆ
1350 2574 1382 2603 τὰ
1406 2577 1555 2613 σπέρματας
1598 2580 1648 2602 ET.
1667 2578 1753 2611 Γεωρ-

960 2616 1013 2655 γός.
1058 2622 1112 2645 ΣΩ.
1135 2619 1217 2649 Οὗτος
1242 2618 1269 2646 δὲ
1295 2617 1327 2646 τὰ
1350 2616 1410 2649 α’ξια
1437 2620 1573 2655 σπέρματα
1599 2615 1695 2653 ἑκαστῃ
1721 2616 1755 2654 γῇ

962 2660 1083 2697 ὅιανέμειῑ
1135 2665 1186 2688 ΕΤ.
1206 2661 1268 2688 Ναί.
1321 2665 1376 2687 ΣΩ.
1392 2658 1420 2688 ‘0
1445 2659 1560 2698 γεωργὸς
1587 2658 1638 2694 ἆρα
1664 2668 1756 2695 νομευς

963 2700 1070 2740 ἀγαθὸς
1087 2700 1196 2735 τούτων,
1219 2703 1262 2730 καὶ
1281 2703 1307 2730 οἱ
1324 2701 1418 2730 τουτου
1436 2701 1511 2739 νόμοι
1529 2703 1570 2729 καὶ
1590 2703 1617 2729 αἱ
1635 2701 1756 2738 διανομαὶ

1582 509 1632 531 ΕΤ.
1661 501 1749 531 Ταῦτα
1775 539 1782 541 4

1777 1353 1811 1371 317
