1998 3084
167 1506 201 1524 371

232 157 278 182 304

231 247 292 263 οταν
309 236 368 270 μίαν
388 237 435 265 εἷς,·
457 231 546 264 Ὅταν,
568 245 583 267 η
605 229 666 259 δ”
650 244 689 265 ος,
712 231 747 264 εἷς
762 235 831 270 μίαν.
875 233 948 262 Λλλὰ
965 233 1022 271 μήν,

231 274 313 313 οἶμαι,
336 276 379 302 καὶ
397 274 456 302 τόδε
474 274 561 309 δῆλον,
584 272 629 306 ὦς,
653 273 698 302 ἐάν
718 276 756 306 τίς
772 286 841 306 τινος
857 276 929 312 παρῇ
948 277 1024 314 ἔργου

230 316 327 355 καιρόν,
347 316 481 345 διόλλυται
526 317 611 351 Δῆλον
627 315 686 354 γάρ.
730 314 767 345 Οὖ
783 316 842 355 γάρ,
862 315 941 354 οἶμαι,
960 320 1022 346 ἑθέ-

229 362 265 387 λει
283 359 312 387 τὸ
331 357 510 395 πραττόμενον
527 357 573 393 τὴν
589 358 636 386 τοῦ
654 358 815 396 πράττοντος
834 358 929 394 σχολὴν
950 371 1021 397 περι-

228 404 321 438 μένειν,
345 398 396 428 ἄλλ’
418 398 516 438 ἀνάγκη
537 399 584 428 τὸν
604 399 754 437 πράττοντα
776 401 811 438 τῷ
832 403 999 438 πραττομένῳ
1018 407 1022 422 ¹

229 445 422 471 ἐπακολουθεῖν
437 442 472 479 μὴ
491 445 516 470 ἐν
533 444 665 480 παρέργου
681 445 757 480 μέρει,
789 441 905 480 Ἀνάγκη.
935 441 975 471 Ἐκ
993 442 1023 478 δὴ

229 484 327 514 τούτων
344 486 421 512 πλείω
436 496 463 512 τε
479 484 574 512 ἕκαστα
588 485 702 522 γίγνεται
716 497 760 512 και
774 484 877 513 κάλλιον
892 485 935 512 καὶ
950 484 1022 523 ῥᾷον,

230 539 294 556 οταν
311 525 345 558 εἷς
363 539 389 554 εν
405 525 471 554 κατὰ
489 525 568 562 φύσιν
585 539 627 554 και
647 530 672 554 ἐν
689 539 775 578 καιροῖι,
796 527 892 562 σγολὴν
909 526 960 555 τῶν
976 526 1021 554 ὂίλ-

228 572 279 598 λων
294 568 377 610 ἄγων,
399 567 508 606 πράττῃ.
552 568 714 597 Παντάπασι
730 572 777 606 μὲν
795 570 847 597 οὖν.
891 568 1024 597 Πλειόνων

230 610 266 646 δή,
285 623 305 639 ω
320 612 471 661 κιίδείμαντε,
491 611 529 638 δεῖ
544 610 688 639 πολιτῶν”
673 624 688 646 η
707 623 835 649 τετταρων
852 612 894 639 ἐπι
908 611 955 643 τὰς
968 624 1021 639 πα-

228 653 357 691 ρασκευὰς
371 654 406 681 ὠν
425 655 548 705 ἐλέγομεν.
577 651 591 681 ὁ
609 665 660 702 γαρ
677 653 798 692 γεωργός,
817 652 852 685 ὦς
870 655 956 686 ἔοικεν,
976 652 1022 682 οὐκ

230 694 308 727 αὐτὸς
328 694 465 730 ποιήσεται
486 694 567 732 ἑαυτῷ
589 695 619 723 τὸ
643 694 766 736 ἄροτρον,
793 696 816 724 εἷ
840 698 923 732 μάλει
944 696 1023 724 καλὸν

228 736 303 770 εἶναι,
328 743 332 758 ¹
355 735 415 766 οὐδὲ
438 736 555 778 σμινύην,
579 735 638 765 ουδὲ
660 738 740 765 τᾶλλα
758 737 870 776 όργανα,
894 737 946 766 ὅσα
964 750 1023 775 περι

227 781 361 819 γεωργιάν
389 776 445 808 οὐδ’
463 780 496 807 αὖ
514 777 527 807 ὅ
548 778 696 817 οἷκοδόμος’
715 781 817 808 πολλῶν
835 781 861 808 δὲ
879 781 921 808 καῖ
940 779 1022 816 τούτω

229 823 273 850 δεῖ.
309 833 427 853 ωςαυτως
457 819 480 849 δ’
511 820 524 850 ὁ
551 820 665 857 ὑφάντης
689 834 716 850 τε
742 823 785 850 καὶ
813 821 827 850 ὃ
855 820 1021 875 σκυτοτόμος.

227 864 333 900 Λληθῆ.
378 866 499 894 Τέκτονες
520 863 550 898 δὴ
572 876 615 891 και
634 864 729 899 χαλκῆς
750 877 793 892 και
819 864 935 892 τοιοῦτοί
958 875 1024 911 τινες

227 907 321 935 πολλοι
339 907 496 944 δημιουργοί,
515 918 633 934 κοινωνοι
650 905 708 943 ἡμῖν
724 907 770 935 τοῦ
785 908 918 949 πολιχνίου
931 905 1020 945 γιγνό-

227 961 312 999 μενοι),
335 948 430 983 συχνὸν
452 946 515 976 αὐτὸ
533 949 661 977 ποιοῦσιν.
705 949 782 977 Πάνυ
798 952 845 986 μὲν
863 951 915 977 οὖν
959 946 1020 978 Am.

229 989 276 1019 οὐκ
295 989 327 1019 άν
343 1003 385 1018 πω
402 989 471 1018 πάνυ
487 1002 517 1029 γε
534 993 600 1039 μέγα
617 1003 641 1019 τι
663 994 712 1026 εἴη,
735 1003 758 1019 ει
776 990 865 1023 αὐτοῖς
883 991 1023 1028 βουκόλους

227 1045 255 1062 τε
276 1034 320 1061 καὶ
345 1035 468 1070 ποιμένας
493 1044 554 1064 τους
579 1044 606 1061 τε
628 1032 720 1065 ἄλλους
741 1036 834 1071 νομέας
854 1037 1021 1086 προςθεῖμεν,

230 1082 233 1096 ¹
252 1077 294 1104 ἵνα
317 1087 341 1104 οι
360 1087 386 1103 τε
403 1076 514 1114 γεωργοὶ
533 1076 575 1103 ἐπὶ
592 1075 622 1104 τὸ
646 1074 727 1113 ἆροῦν
749 1077 829 1111 ἔχοιεν
852 1076 925 1110 βοῦς,
949 1078 976 1104 οι’
996 1088 1022 1104 τε

229 1117 364 1155 οἰκοδόμοι
385 1117 452 1155 πρὸς
473 1117 520 1148 τὰς
542 1115 647 1156 αγωγὰς
665 1118 731 1155 μετὰ
754 1118 804 1146 τῶν
820 1118 941 1157 γεωργῶν
956 1118 1019 1156 χρῆ-

229 1164 298 1188 σθαι
315 1160 474 1198 ὑποζυγίοις,
497 1158 609 1196 ὖφανται
628 1161 654 1188 δὲ
672 1161 715 1188 καὶ
737 1160 894 1198 σκυτοτόμοι
912 1162 1021 1213 δέρμασί

228 1214 255 1231 τε
272 1203 316 1230 καὶ
334 1204 421 1240 ἐρίοις,·
452 1200 516 1230 Οὗδέ
531 1214 572 1240 γε,
591 1203 606 1237 ἦ
625 1201 648 1230 δ
667 1202 706 1235 ὅς,
730 1203 824 1253 σμικρὰ
842 1202 917 1234 πόλις
935 1202 966 1232 (ἲν
984 1205 1021 1238 εἴη

229 1246 324 1280 ἔχουσα
343 1244 428 1272 πάντα
446 1245 535 1272 ταῦτα.
562 1244 636 1272 Λλλὰ
652 1244 714 1281 μήν,
732 1246 762 1280 ἠν
781 1243 804 1273 δ’
823 1244 883 1283 ἐγω,
906 1247 1019 1273 κατοικί-

229 1300 274 1315 σαι
290 1299 319 1325 γε
339 1285 417 1322 αὐτὴν
434 1286 480 1321 τὴι
495 1285 572 1314 πόλιν
589 1287 624 1318 εἷς
641 1289 762 1316 τοιοῦτον
779 1286 870 1320 τόπον,
890 1283 920 1316 οὗ
939 1291 1019 1318 ἐπεις-

229 1331 365 1368 αγωγίμων
380 1329 415 1366 μὴ
433 1329 557 1364 δεήσεται,
577 1329 669 1364 σχεδόν
688 1342 711 1357 τι
726 1328 860 1358 αδυνατον.
884 1329 1022 1358 Λδύνατον

227 1385 286 1410 γαρ.
321 1370 480 1409 Προςδεήσει
499 1370 550 1408 ἆρα
569 1372 603 1413 ἔτι
621 1373 664 1399 καὶ
683 1370 772 1405 ἄλλων,
791 1373 819 1400 οἱ
836 1375 862 1404 ἐξ
880 1370 955 1407 ἄλλης
969 1371 1019 1400 πό-

227 1417 290 1445 λεως
312 1412 376 1451 αὐτῇ
397 1415 550 1451 κομίσουσιν
571 1409 607 1441 ὧν
625 1415 711 1442 δεῖται.
758 1413 857 1456 Δεήσει,
900 1415 956 1442 Καὶ
972 1414 1022 1451 μὴν

228 1456 300 1488 κενὸς
317 1455 349 1484 ἂν
367 1458 392 1491 ἶη
411 1455 424 1484 ὁ
444 1454 574 1488 διάκονος,
595 1457 673 1493 μηδὲν
695 1455 765 1495 ἄγων
787 1458 822 1484 ὠν
840 1460 930 1485 ἐκεῖνοι
948 1457 1019 1485 δέον-

228 1511 270 1527 ται
288 1496 348 1536 παρ’
366 1498 401 1526 ὡν
419 1497 451 1526 ἂν
468 1499 618 1536 κομίζωνται
636 1499 671 1526 ὠν
689 1498 720 1526 α“ν
739 1498 828 1530 αυτοῖς
846 1503 858 1517 *
874 1501 960 1537 χρεία,
978 1511 1019 1527 κε-

227 1541 271 1573 νὸς
290 1540 399 1569 α’πεισιν.
425 1553 440 1576 η
456 1539 521 1578 γάρς
549 1544 629 1569 Δοκεῖ
643 1553 696 1578 μοι.
741 1545 788 1570 Δεῖ
805 1541 835 1594 δὴ
853 1541 885 1570 τὰ
904 1544 970 1570 οίκοι
986 1541 1020 1578 μὴ

227 1582 309 1621 μόνον
335 1585 436 1614 ἑαυτοῖς
461 1595 544 1611 ποιειν
571 1583 660 1615 ἱκανά,
688 1582 751 1611 αλλὰ
774 1597 817 1611 και
840 1582 882 1612 οἷα
904 1596 947 1611 και
970 1583 1021 1612 ὅσα

614 1629 662 1654 Δεῖ
677 1625 736 1664 γάρ.
779 1625 912 1655 Πλειόνων
930 1626 959 1661 δὴ
976 1638 1018 1665 γε-

227 1668 318 1707 ωργῶν
341 1679 367 1696 τε
385 1668 428 1695 καὶ
445 1667 495 1695 τῶν
514 1666 595 1696 α’λλων
613 1668 773 1721 δημιουργῶν
791 1668 857 1696 δεῖ
845 1672 904 1705 ημῖν
921 1669 952 1705 τῇ
969 1667 1020 1697 πό-

227 1713 270 1738 λει.
306 1708 439 1738 Πλειόιων
455 1708 514 1770 γάρ.
548 1711 603 1738 Και
622 1711 651 1746 δὴ
669 1712 711 1738 καῖ
729 1711 780 1739 τῶν
798 1710 880 1738 α’λλωι
898 1710 1022 1739 διακόνων

227 1765 280 1781 που
300 1752 352 1780 τῶν
372 1764 399 1780 τε
420 1751 571 1784 εἶςαξόντων
592 1754 635 1780 καὶ
658 1753 800 1785 ἐξαξόντων
819 1754 922 1781 ἕκαστα.
949 1750 1022 1782 οὗτοι

227 1796 255 1823 δέ
279 1795 344 1823 εἶσιν
371 1795 487 1832 ἔμποροι.
518 1795 532 1830 ἡ
558 1807 622 1833 γαρς
655 1797 717 1823 Ναί.
761 1796 817 1823 Καὶ
847 1795 966 1833 ἐμπόρων
992 1795 1022 1831 δὴ

227 1836 387 1874 δεησόμεθα.
431 1836 508 1864 Πάνυ
533 1849 570 1875 γε.
613 1838 669 1866 Και
696 1838 740 1865 ἐαν
760 1841 806 1875 μέν
826 1850 856 1876 γε
878 1837 944 1866 κατὰ
963 1836 1020 1866 θά-

227 1883 323 1908 λατταν
339 1878 355 1914 ἦ
373 1881 482 1917 ἐμπορία
499 1881 623 1917 γίγνηται,
643 1880 742 1915 συχνῶν
761 1887 764 1901 ¹
784 1893 827 1908 και
843 1879 925 1908 αλλων
939 1891 1019 1918 προς-

227 1921 345 1957 δεήσεται
362 1921 412 1949 τῶν
431 1920 606 1958 ἐπιστημόνων
623 1922 667 1958 τῆς
684 1923 743 1960 περὶ
760 1922 805 1958 τὴν
823 1922 962 1951 θάλατταν
978 1927 1019 1960 ἐρ-

225 1966 328 2003 γασίας.
630 1971 684 1992 XII.
705 1967 736 1993 Τί
753 1965 779 1993 δὲ
798 1964 840 2000 δή,·
864 1968 890 1993 ἐν
908 1964 972 2002 αυτῇ
990 1965 1021 2002 τῇ

225 2006 300 2035 πόλει
321 2006 376 2037 πῶς
391 2004 513 2048 [ἷλλήλοις
532 2006 728 2043 μεταδώσουσιν
750 2003 785 2035 ὧν
807 2007 838 2035 ἂν
856 2008 959 2036 ἕκαστοι
978 2011 1019 2045 ἐρ-

225 2048 364 2087 γάζωνται;
383 2049 417 2076 ὡν
435 2048 465 2083 δὴ
484 2049 553 2076 ἕνεκα
572 2050 615 2076 καὶ
632 2051 765 2078 κοινωνίαν
782 2049 954 2087 ποιησάμενοι
968 2049 1019 2078 πό-

460 2091 544 2126 Δῆλον
562 2090 603 2126 δή,
622 2087 637 2127 ἦ
655 2090 680 2119 δ’
697 2091 736 2124 ὃς,
761 2092 799 2120 ὅτι
817 2093 962 2123 πωλοῦντες
978 2093 1021 2120 καὶ

227 2132 372 2170 ὠνούμενοι.
403 2133 497 2171 Ἀγορὰ
517 2132 575 2168 δὴ(
563 2137 622 2170 ημῖν
639 2135 682 2162 καὶ
700 2133 814 2171 νόμισμα
832 2134 961 2172 ξύμβολον
978 2146 1022 2170 της

227 2174 338 2216 ἀλλαγῆς
359 2175 429 2203 ἕιεκα
450 2174 583 2213 γενήσεται
607 2179 633 2203 ἐκ
655 2189 757 2205 τουτου.
801 2176 878 2205 Πάνυ
899 2179 946 2214 μὲν
967 2189 1020 2205 ουν.

222 2217 267 2246 Αν
293 2230 339 2246 ουν
364 2219 474 2254 κομίσας
500 2216 514 2246 ὃ
540 2218 654 2256 γεωργὸς
677 2225 680 2239 ¹
703 2219 739 2250 εἷς
760 2219 805 2254 τὴν
827 2217 928 2258 ἆγοράν
944 2231 968 2247 τι
986 2220 1021 2247 ὠν

225 2264 296 2288 ποιεῖ
315 2259 331 2295 ἢ
353 2271 390 2291 τις
413 2259 488 2291 ἄλλος
509 2261 559 2288 τῶν
581 2262 741 2299 δημιουργῶν
759 2261 794 2298 μὴ
817 2261 853 2292 εἷς
873 2261 919 2290 τὸν
941 2260 1021 2289 αὐτὸν

223 2301 320 2340 χρόνον
336 2301 383 2339 ἤκη
402 2305 456 2333 τοῖς
474 2303 602 2339 δεομένοις
619 2303 651 2331 τὰ
666 2301 727 2341 παρ’
745 2303 826 2332 αὐτοῦ
842 2302 1020 2336 ἀλλάξασθαι,

227 2343 334 2383 ἀργήσει
354 2344 400 2380 τῆς
422 2343 502 2372 αυτοῦ
525 2346 689 2398 δημιουργίας
711 2345 861 2383 καθήμενος
879 2350 905 2374 ἐν
923 2345 1019 2384 ἇγορᾷς

229 2386 364 2424 Οὐδαμῶς,
387 2387 403 2421 ἠ
425 2385 448 2414 δ
471 2385 509 2419 ὃς,
535 2386 585 2414 ἇλλ
605 2388 671 2416 εἷσῖν
693 2401 717 2417 οι
736 2389 813 2417 τοῦτο
833 2388 941 2426 ὁρῶντες
959 2390 1018 2416 ἑαυ-

225 2429 287 2461 τοὺς
304 2430 345 2457 ἐπι
361 2428 407 2464 τὴν
425 2429 555 2457 διακονίαν
577 2429 699 2459 τάττουσι
720 2443 826 2467 ταυτην,
851 2434 877 2459 ἐν
896 2433 944 2469 μὲν
964 2434 1021 2462 ταῖς

226 2471 319 2521 ὀρθῶς
339 2471 498 2508 οἰκουμέναις
518 2471 610 2500 πόλεσι
632 2472 725 2508 σχεδόν
741 2485 766 2502 τι
783 2474 810 2502 οἳ
828 2472 1021 2502 ἀσθενέστατοι

225 2514 258 2542 τὰ
281 2513 389 2563 σώματα
411 2526 454 2541 και
476 2512 576 2551 ἀχρεῖοί
595 2527 618 2542 τι
641 2514 730 2544 ἄλλο’
722 2517 798 2554 ε’ργον
814 2515 944 2554 πράττειν.
971 2513 1018 2544 αὖ·

225 2556 272 2585 τοῦ
292 2556 344 2606 γὰρ
363 2557 401 2584 δεῖ
415 2558 539 2593 μένοντας
558 2555 651 2589 αὐτοὺς
668 2570 727 2596 περι
744 2558 789 2594 τὴν
807 2556 908 2596 ἀγορὰν
924 2557 957 2586 τὰ
973 2560 1021 2595 μὲν

227 2606 231 2620 ¹
251 2597 303 2626 ἆντ
325 2597 449 2637 ἀργυρίου
470 2597 639 2630 αλλάξασθαι
658 2603 712 2631 τοῖς
729 2613 753 2628 τι
771 2602 900 2638 δεομένοις
918 2598 1017 2629 ἇποδό-

227 2645 308 2674 σθαι,
335 2644 390 2672 τοῖς
412 2642 439 2669 δὲ
462 2639 517 2669 ἀντι
540 2642 573 2669 αὖ
595 2640 718 2692 ἀργυρίου
740 2642 897 2671 διαλλαττειν
919 2642 978 2671 ὅσοι
996 2655 1019 2670 τι

227 2685 327 2711 δέονται
343 2685 486 2720 πρίασθαι.
518 2683 590 2719 Αὕτη
609 2683 667 2721 ἄρα,
686 2685 717 2719 ἠν
734 2683 758 2712 δ’
776 2684 832 2723 ἐγω,
851 2684 866 2720 ἡ
881 2687 955 2723 χρεία
970 2697 1017 2712 κα-

228 1627 330 1657 ἐκείνοις
351 1626 387 1653 ὧν
409 1637 440 1653 αν
458 1626 569 1653 δέωνται,

370 1964 476 1999 Συχνῶν
492 1967 585 2001 μέντοι.

226 2094 264 2119 λιν
282 2089 414 2128 ᾧκίσαμεν.

900 155 1194 181 PLATONIS

1073 233 1160 269 πήλων
1182 233 1242 270 ἡμῖν
1262 237 1360 273 γένεσιν
1382 239 1483 285 ἐμποιεῖ
1498 236 1530 274 τῇ
1548 235 1627 265 πόλει.
1654 234 1669 271 ἦ
1688 233 1719 263 οὗ
1736 234 1866 270 καπήλους

1074 276 1200 313 καλοῦμεν
1221 287 1282 308 ’τους
1297 277 1364 314 πρὸς
1381 276 1447 314 ὠνήν
1463 291 1490 307 τε
1508 280 1551 307 καὶ
1568 278 1666 326 πρᾶσιν
1683 277 1866 309 διακονοῦντας

1074 320 1221 356 ῖδρυμένους
1239 321 1264 346 ἓν
1282 316 1374 356 ἆγορᾷ,
1393 331 1454 352 τους
1471 322 1498 349 δὲ
1514 320 1597 348 πλαν
1579 331 1645 355 ητας
1663 320 1704 347 ἐπι
1719 319 1765 350 τὰς
1779 318 1866 351 πόλεις

1075 359 1215 397 ἐμπόρους,·
1242 359 1320 388 Πάνυ
1335 363 1382 397 μὲν
1399 373 1452 389 ουν.
1491 361 1544 390 'En
1566 362 1594 397 δή
1612 372 1687 394 τινες,
1711 360 1745 392 ὡς
1763 361 1865 399 ἐγῷμαι,

1074 403 1125 430 εἶσὶ
1146 402 1190 429 καὶ
1212 400 1283 429 ἄλλοι
1306 401 1430 436 διάκονοι,
1454 405 1481 432 οἳ
1502 404 1534 432 ἄν
1554 405 1586 432 τὰ
1604 407 1650 441 μὲν
1667 403 1710 439 τῆς
1727 404 1842 434 διανοίας
1860 410 1864 424 ¹
1892 411 1909 429 Ε

1073 444 1108 481 μὴ
1133 442 1202 471 πάνυ
1229 442 1436 480 ἀξιοκοινώνητοι
1462 441 1521 479 ὦσι,
1549 446 1594 481 τὴν
1620 447 1646 474 δὲ
1672 445 1719 473 τοῦ
1746 443 1867 482 σώματος

1074 485 1149 521 ἰσχὺν
1170 485 1258 520 ἱκανὴν
1280 486 1321 512 ἐπι
1339 485 1399 518 τοὺς
1415 486 1511 519 πόνους
1530 489 1630 523 ἔχωσιν
1659 488 1685 516 οἳ
1702 487 1731 522 δὴ
1748 487 1865 515 πωλοῦν-

1074 539 1115 559 τες
1135 527 1180 562 τὴν
1201 527 1245 562 τῆς
1263 526 1352 562 ἰσχύος
1367 530 1466 566 χρείαν,
1489 530 1534 565 τὴν
1555 530 1628 567 τιμὴν
1649 542 1744 564 ταυτην
1764 529 1867 566 μισθὸν

1074 570 1220 602 καλοῦνῖὲς,
1247 572 1388 610 {Sul-mab,
1416 569 1450 602 ὦς
1471 572 1576 610 ἐγῷμαι,
1598 573 1739 609 μισθωτοί.
1766 572 1781 606 ἠ
1794 570 1866 623 γάρς

1074 611 1151 640 Πάνυ
1167 614 1213 648 μὲν
1231 623 1284 639 ουν.
1327 611 1460 649 Πλήρωμα
1479 614 1508 649 δὴ
1525 613 1624 645 πόλεώς
1640 614 1717 646 εἰσιν,
1741 624 1775 645 ως
1793 614 1865 646 ἔοικε,

1073 667 1114 682 και
1136 655 1277 691 μισθωτοί.
1322 657 1402 682 Δοκεῖ
1421 667 1473 691 μοι
1514 651 1565 693 Λρ’
1589 668 1646 687 ουν,
1673 667 1693 683 ω
1714 656 1866 693 Λδείμαντε,

1073 695 1120 732 ἤδη
1141 695 1200 732 ἧμιν
1223 694 1328 730 ηυξηται
1354 694 1369 731 ⁷‘1
1395 695 1480 745 πόλις,
1507 696 1560 729 ω’ςτ’
1585 696 1649 726 εἶναι
1676 700 1761 730 τελέα,·
1784 696 1866 728 ”Ισως.

1073 738 1134 766 Ποῦ
1157 738 1203 766 οὐν
1225 736 1257 765 ἅν
1277 749 1342 766 ποτε
1364 741 1390 766 ἐν
1413 737 1476 776 αὐτῇ
1494 742 1532 774 εἴη
1549 739 1564 774 ἦ
1581 752 1608 767 τε
1627 739 1774 774 δικαιοσύνη
1791 751 1836 767 και
1851 738 1867 774 ἦ

1074 779 1171 813 αδικίας
1195 792 1237 807 και
1256 782 1303 807 τίνι
1322 780 1375 816 ἅμα
1395 783 1544 822 ἕγγειομὲνη
1562 782 1597 809 ὡν
1615 784 1777 819 ἐσκέμμεθα,·
1803 779 1866 820 Ἐγὼ

1071 825 1124 860 μέν,
1144 824 1199 871 εἱγη,
1218 826 1231 840 *
1249 820 1295 850 οὐκ
1313 822 1398 855 ἐννοῶ,
1417 835 1437 850 ω
1455 822 1597 860 Σωκρατες,
1616 823 1638 851 εἶ
1655 823 1689 860 μή
1706 835 1760 852 που
1777 827 1803 852 ἐν
1818 835 1865 851 αυ-
1892 830 1928 856 βυ

1073 865 1124 892 τῶν
1141 863 1240 892 τούτων
1256 866 1328 902 χρείᾳ
1345 866 1394 892 τινὶ
1411 865 1442 902 τῇ
1460 865 1527 903 πρὸς
1545 864 1673 900 ἀλλήλους.
1715 863 1777 894 Ἀλλ’
1795 869 1864 898 ἴσως,
1888 869 1894 906 ¹J

1072 919 1102 942 ηι
1129 905 1152 934 δ
1178 905 1239 944 ἐγώ,
1266 906 1349 937 καλῶς
1374 909 1462 948 λέγεις·
1491 908 1533 935 καῖ
1556 909 1680 936 σκεπτέον
1699 919 1729 946 γε
1750 908 1794 936 καὶ
1820 906 1866 936 οὐκ

1074 948 1239 985 αποκνητέον.
1283 949 1396 987 Πρῶτον
1418 950 1464 977 οὐν
1486 949 1660 987 σκεψώμεθα,
1687 951 1744 978 τίνα
1767 948 1867 987 τρόπον

1074 991 1249 1027 διαιτήσονται
1267 993 1292 1020 οἱ
1311 991 1377 1020 οὕτω
1396 995 1641 1029 παρεσκευασμένοι.
1670 991 1731 1020 ἄλλο
1749 1003 1772 1020 τι
1791 990 1864 1026 ἢσῖ-

1072 1034 1118 1063 τόν
1135 1046 1162 1062 τε
1179 1034 1313 1065 ποιοῦντες
1330 1035 1373 1062 καῖ
1392 1033 1462 1063 οἶνον
1480 1036 1522 1063 καὶ
1540 1034 1628 1072 ἱμάτια
1646 1035 1689 1062 καῖ
1703 1033 1865 1071 ὑποδήματα,

1072 1078 1115 1105 καὶ
1142 1076 1376 1114 οἰκοδομησάμενοι
1403 1077 1497 1110 οἰκίας,
1530 1079 1627 1115 θέρους
1650 1079 1698 1114 μὲν
1723 1075 1756 1105 τὰ
1782 1075 1866 1105 πολλὰ

1071 1120 1164 1158 γυμνοί
1184 1130 1211 1147 τε
1233 1119 1275 1146 καὶ
1298 1117 1454 1155 ἀνυπόδητοι
1473 1118 1640 1158 ἐργάσονται,
1662 1119 1710 1147 τοῦ
1728 1119 1755 1147 δὲ
1770 1117 1865 1156 χειμῶ-

1071 1172 1116 1192 νος
1136 1160 1303 1198 ἠμφιεσμένοι
1324 1173 1351 1189 τε
1373 1162 1415 1189 καὶ
1439 1168 1443 1182 ·
1465 1160 1647 1198 ὑποδεδεμένοι
1668 1161 1772 1193 {nands-,-
1799 1163 1865 1198 θρέ-
1892 1166 1909 1185 Β

1071 1214 1168 1241 ψοντοιι
1187 1204 1213 1231 δὲ
1233 1206 1258 1230 ἐκ
1274 1206 1320 1238 μὲν
1338 1203 1388 1231 τῶν
1405 1205 1507 1241 κριθῶν
1525 1202 1619 1240 α’λφιτα
1635 1202 1823 1240 σκευαζόμενοι,
1840 1206 1866 1230 ἐκ

1072 1247 1099 1274 δὲ
1121 1246 1172 1273 τῶν
1192 1246 1280 1282 πυρῶν
1302 1244 1408 1283 ἄλευρα,
1432 1246 1464 1274 τὰ
1484 1248 1531 1283 μὲν
1552 1248 1692 1283 πέψαντες,
1714 1245 1747 1274 τὰ
1769 1246 1797 1274 δὲ
1812 1243 1864 1283 μά-

1072 1291 1172 1320 ξαντες;
1198 1287 1280 1324 μάζας
1300 1289 1420 1326 γενναίας
1440 1289 1483 1316 καὶ
1506 1287 1600 1326 ἄρτους
1618 1289 1659 1316 ἐπὶ
1676 1286 1793 1325 κάλαμόν
1809 1299 1866 1316 τινα

1071 1329 1298 1367 παραβαλλόμενοι
1319 1329 1334 1365 ἦ
1355 1329 1438 1366 φύλλα
1460 1329 1583 1368 καθαρα,
1611 1332 1799 1361 κατακλινέντες
1825 1330 1867 1358 ἐπὶ

1072 1372 1200 1409 στιβάδων
1218 1374 1382 1409 ἐστρωμένων
1397 1374 1484 1423 μιλακί
1500 1385 1527 1401 τε
1544 1385 1587 1400 και
1603 1374 1747 1411 μυρρίναις,
1754 1371 1865 1421 ἐὐωχή-

1072 1427 1164 1443 σονται
1182 1413 1257 1443 αὐτοί
1273 1427 1300 1443 τε
1317 1416 1360 1442 καῖ
1378 1414 1410 1443 τὰ
1428 1416 1526 1448 παιδία,
1546 1417 1703 1447 ἐπιπίνοντες
1719 1414 1767 1443 τοῦ
1785 1417 1865 1447 οἴνου,

1073 1459 1276 1494 ἐστεφανωμένοι
1298 1469 1340 1484 και
1357 1456 1495 1494 ὑμνοῦντες
1511 1457 1573 1489 τοὺς
1590 1456 1684 1490 θεους,
1706 1455 1784 1493 ἡδέως
1806 1459 1864 1489 ξυν-

1073 1498 1144 1531 όντες
1162 1498 1285 1534 ἀλλήλοις,
1305 1497 1353 1535 οὐχ
1369 1500 1434 1537 ’ὑπὲρ
1452 1500 1497 1535 τὴν
1512 1498 1604 1529 οὐσίαν
1620 1506 1624 1520 ¹
1640 1498 1791 1536 ποιούμενοι
1805 1498 1866 1531 τοὺς
1892 1504 1908 1524 0

1072 1543 1175 1574 παῖδας,
1194 1540 1377 1579 εὐλαβούμενοι
1394 1544 1484 1570 πενίαν
1501 1541 1516 1577 ἢ
1533 1541 1660 1580 πόλεμον,·
1695 1548 1761 1570 ΧΠΙ.
1779 1542 1835 1570 Καὶ
1850 1539 1865 1570 ὅ

1072 1584 1194 1612 Γλαύκων
1210 1583 1361 1621 ὑπολαβών,
1375 1583 1450 1613 ’'Avev
1467 1584 1549 1622 ὄψου,
1569 1586 1624 1621 ἔφη,
1643 1583 1676 1616 ὦς
1695 1585 1785 1617 ἔοικας,
1803 1595 1864 1612 ποι-

1072 1630 1108 1658 εῖς
1124 1626 1185 1658 τοὺς
1203 1625 1298 1664 ἄνδρας
1315 1629 1489 1664 ἑστιωμένους.
1532 1626 1642 1663 Ἀληθῆ,
1660 1622 1691 1662 ἦν
1708 1624 1731 1654 δ’
1749 1625 1806 1665 ἐγώ,
1824 1628 1864 1654 λέ-

1070 1680 1130 1708 γεις.
1157 1668 1332 1706 ἐπελαθόμην,
1351 1668 1391 1698 ὅτι
1408 1671 1451 1697 καὶ
1469 1668 1538 1707 ὄψον
1556 1670 1667 1701 ἕξουσιν·
1695 1668 1759 1700 ὅίλας
1775 1680 1803 1697 τε
1820 1667 1865 1704 δῆ-

1071 1714 1117 1740 λον
1135 1710 1175 1740 ὅτι
1192 1712 1234 1739 καὶ
1253 1710 1329 1743 ἐλάας
1346 1713 1390 1740 καὶ
1407 1710 1491 1750 τυρόν,
1510 1713 1553 1739 καὶ
1571 1711 1680 1749 βολβοὺς
1696 1712 1740 1739 καὶ
1757 1709 1865 1747 λάχανα,

1073 1752 1115 1783 οἷα
1134 1754 1163 1789 δὴ
1182 1757 1208 1782 ἐν
1226 1752 1317 1792 ἀγροῖς
1333 1753 1462 1792 ἑψήματα,
1481 1753 1631 1792 ἑψήσονται.
1653 1754 1696 1782 καὶ
1713 1752 1866 1792 τραγήματά
1883 1767 1888 1777 1

1071 1809 1124 1825 που
1145 1795 1341 1833 παραθήσομεν
1364 1795 1452 1828 αὐτοῖς
1472 1797 1523 1825 τῶν
1544 1808 1571 1825 τε
1593 1795 1678 1825 σύκων
1699 1797 1742 1824 καὶ
1769 1796 1864 1836 ἕρφ’-ν,-

1072 1842 1132 1867 θων
1153 1839 1196 1866 καὶ
1217 1838 1332 1876 κυάμων,
1354 1840 1398 1867 καὶ
1418 1838 1502 1877 μύρτα
1524 1840 1567 1867 καὶ
1583 1838 1683 1878 φηγοὺς
1701 1838 1841 1875 σποδιοῦσι
1859 1844 1864 1858 ¹

1071 1881 1138 1919 πρὸς
1156 1880 1184 1909 τὸ
1203 1881 1266 1918 πῦρ,
1288 1883 1395 1919 μετρίως
1411 1880 1588 1913 ὑποπίνοντες.
1614 1882 1657 1909 καὶ
1675 1879 1742 1909 οὕτω
1760 1879 1864 1919 διάγον-

1073 1935 1112 1955 τες
1129 1923 1176 1951 τὸν
1194 1924 1250 1960 βίον
1268 1927 1294 1951 ἐν
1310 1923 1396 1962 εἷρηνη
1412 1924 1478 1971 μετὰ
1495 1922 1599 1962 ὑγιείας,
1618 1922 1652 1955 ὦς
1668 1922 1743 1956 εἲκός,
1761 1923 1866 1961 γηραιοὶ

1074 1965 1234 1997 τελευτῶντες
1256 1964 1334 1994 ἄλλον
1355 1967 1475 1995 τοιοῦτον
1497 1966 1552 2003 βίον
1573 1977 1628 1997 τοις
1646 1964 1760 2007 ἕκγονοις
1776 1977 1863 2003 παρα-

1072 2008 1208 2037 δωσουσιν.
1251 2009 1307 2036 Καὶ
1328 2007 1368 2041 ὃς,
1392 2008 1423 2036 Εἷ
1445 2009 1472 2037 δὲ
1493 2007 1546 2037 υῶν
1566 2008 1653 2041 πόλιν,
1679 2020 1700 2036 ω
1720 2006 1864 2045 Σωκρατες,

1073 2052 1127 2087 ἔφη,
1146 2049 1335 2083 κατεσκευαζες,
1353 2052 1378 2079 τί
1395 2049 1427 2079 ἄν
1445 2049 1525 2082 αὐτὰς
1543 2049 1604 2079 αλλο
1622 2049 1637 2086 ἢ
1655 2049 1738 2078 ταῦτα
1756 2049 1863 2088 ἐχόρτα-

1072 2096 1121 2125 ζεςς
1139 2092 1214 2121 Ἀλλὰ
1231 2092 1286 2124 πῶς
1301 2092 1358 2130 χρή,
1376 2088 1406 2126 ἦν
1423 2091 1447 2120 δ’
1465 2092 1521 2131 ἐγώ,
1540 2088 1561 2121 ὦ
1576 2091 1710 2126 Γλαύκωνς
1724 2091 1804 2130 Ἄπερ
1817 2103 1863 2120 νο-

1069 2137 1178 2173 μίζεται,
1198 2136 1256 2171 ἔφη·
1284 2138 1326 2163 ἐπί
1342 2147 1369 2164 τε
1387 2134 1475 2163 κλινῶν
1492 2138 1680 2168 κατακεῖσθαι,
1700 2132 1783 2172 οἶμαι,
1805 2133 1866 2165 τοὺς

1070 2180 1209 2214 μέλλοντας
1233 2176 1268 2215 μὴ
1295 2180 1534 2216 ταλαιπωρεῖσθαι,
1561 2179 1604 2205 καὶ
1631 2175 1684 2205 ἀπὸ
1705 2176 1836 2215 τραπεζῶν
1859 2181 1862 2196 ¹
1889 2181 1906 2200 Ε

1072 2221 1181 2248 δειπνεῖν
1198 2220 1241 2247 καὶ
1260 2219 1315 2261 ὄψα
1334 2219 1400 2258 άπερ
1418 2220 1461 2248 καὶ
1479 2220 1505 2248 οἶ
1522 2219 1567 2248 νῦν
1585 2221 1684 2255 ἔχουσι,
1706 2220 1750 2247 καὶ
1767 2217 1863 2257 τραγή-

1069 2275 1147 2300 ματα.
1180 2260 1245 2294 Εἶεν,
1264 2263 1294 2297 ἠν
1311 2260 1336 2290 δ
1354 2261 1414 2301 ἐγώ·
1431 2261 1570 2300 μανθάνω.
1590 2260 1621 2290 οὗ
1637 2260 1720 2294 πόλιν,
1739 2259 1773 2292 ὦς
1791 2262 1863 2293 ἔοικε,

1071 2304 1220 2342 σκοποῦμεν
1240 2304 1322 2341 μόνον
1344 2304 1414 2336 ὅπως
1434 2306 1560 2343 γίγνεται,
1583 2302 1647 2332 ἀλλὰ
1664 2304 1708 2332 καὶ
1725 2303 1864 2341 τρυφῶσαν

1070 2346 1152 2375 πόλιν.
1180 2349 1242 2378 ἴσως
1260 2347 1305 2375 οὖν
1323 2345 1383 2376 ουδὲ
1400 2347 1484 2379 κακῶς
1501 2348 1561 2383 ἔχει·
1581 2346 1739 2377 σκοποῦντες
1754 2346 1806 2384 γὰρ
1820 2345 1864 2374 καὶ

1070 2401 1191 2424 τοιαυτην
1212 2387 1266 2425 τάχ
1288 2388 1320 2417 ἄν
1340 2390 1485 2427 κατίδοιμεν
1510 2388 1555 2425 τήν
1580 2401 1607 2417 τε
1633 2386 1796 2424 δικαιοσύνην
1820 2387 1864 2416 καὶ

1071 2430 1171 2459 αδικίαν
1193 2430 1245 2468 ὅπῃ
1266 2434 1331 2460 ποτὲ
1352 2442 1409 2463 ταις
1425 2431 1532 2460 πόλεσιν
1550 2430 1697 2469 ἐμφύονται
1723 2429 1738 2466 ἦ
1753 2432 1802 2481 μέν
1818 2430 1863 2459 οὖν

1072 2472 1183 2509 ἀληθινὴ
1200 2473 1275 2505 πόλις
1293 2475 1363 2503 δοκεῖ
1378 2486 1424 2511 μοι
1440 2472 1537 2502 abac*
1521 2486 1552 2510 ην
1569 2472 1762 2510 διεληλύθαμεν,
1781 2471 1862 2510 ω’ςπερ

1069 2515 1141 2554 ὖγιης
1158 2526 1204 2547 τις·
1223 2516 1246 2544 εἷ
1265 2514 1288 2543 δ’
1306 2517 1339 2544 αὖ
1357 2515 1488 2553 βούλεσθε
1505 2528 1548 2544 και
1565 2517 1776 2554 φλεγμαίνουσαν
1788 2513 1863 2543 πόλιν

1071 2557 1258 2595 θεωρήσωμεν,
1286 2557 1360 2587 οὐδὲν
1386 2556 1535 2587 ἆποκωλιὺει.
1562 2558 1644 2586 ταῦτα
1664 2558 1716 2597 γὰρ
1738 2556 1769 2594 δή
1788 2568 1861 2590 τισιν,

1070 2599 1104 2632 ὧς
1121 2601 1203 2634 δοκεῖ,
1226 2605 1239 2618 *
1257 2613 1303 2629 ουκ
1322 2603 1500 2638 ε’ξαρκέσει,ο
1486 2598 1542 2629 οὐδ’
1561 2612 1624 2636 αυτη
1641 2599 1657 2636 ἦ
1679 2601 1776 2633 δίαιτα,
1798 2597 1862 2627 αλλὰ

1069 2645 1153 2671 κλῖναί
1173 2654 1200 2671 τε
1222 2646 1393 2681 προςέσονται
1414 2644 1458 2671 καὶ
1477 2641 1600 2681 τράπεζαι
1618 2655 1662 2671 και
1679 2637 1758 2671 ταλλα
1777 2640 1860 2676 σκεύη,

1069 2697 1113 2713 και
1135 2684 1191 2722 ὀψα
1213 2685 1242 2721 δη
1264 2687 1307 2713 καὶ
1322 2684 1392 2723 μύρα
1409 2699 1452 2713 και
1473 2684 1626 2723 θυμιάματα
1643 2698 1687 2713 και
1704 2686 1803 2722 ἑταῖραι
1819 2695 1862 2711 και

1891 1795 1927 1878 '5⁹-
1891 1707 1908 1786 ‘Q

1886 2560 1920 2581 ³¹1⁸
