1998 3084
205 1898 229 1916 40

253 172 298 197 ⁴94

252 248 360 288 γράφειν
381 246 451 284 ἧμῶν
473 251 498 275 ἐν
520 251 577 279 ταῖς
597 250 694 284 ψυχαῖς
714 246 772 275 τότε
794 246 897 284 λόγους·
921 248 964 275 καὶ
981 246 1045 276 ὅταν

251 294 297 328 μὲν
316 289 402 325 ἀληθῆ
420 289 511 327 γράψῃ
529 290 606 317 τοῦτο
626 289 654 317 τὸ
674 288 797 325 πάθημα,
817 288 880 320 δόξα
899 301 925 317 τε
945 287 1046 324 ἀληθὴς

253 333 296 360 καὶ
322 331 395 369 λόγοι
423 329 465 358 ἀπ’
487 330 566 359 αὑτοῦ
592 332 774 367 ξυμβαίνουσιν
801 328 909 365 ἇληθεῖς
936 334 961 358 ἐν
987 330 1046 368 ἡμῖν

253 373 409 423 γιγνόμενοι·
428 373 508 410 ψευδῆ
524 371 548 400 6
566 372 629 400 ὅταν
644 371 657 400 ἇ
674 372 792 403 τοιοῦτος
809 385 862 409 παρ
885 371 944 409 ἡμῖν
960 385 1044 411 γραμ-

252 416 347 454 ματεὺς
363 414 462 456 γράψῃ,
481 414 603 443 τάναντία
621 418 676 446 τοῖς
693 413 820 449 ἀληθέσιν
838 413 927 450 ἀπέβη.
964 420 1045 442 ΠΡΩ.

254 457 332 485 Πιὶνυ
347 459 394 494 μὲν
412 469 458 485 ουν
476 457 546 485 δοκεῖ
561 469 614 493 μοι,
633 457 675 484 καὶ
695 463 698 477 ¹
719 455 880 493 αποδέχομαι
897 456 929 484 τὰ
948 458 1043 494 ῥηθὲν-

252 512 285 528 τα
305 499 391 530 οὕτως.

253 540 323 579 ἧμῶν
346 545 371 569 ἐν
392 544 449 572 ταῖς
469 544 566 578 ψυχαῖς
587 544 613 568 ἐν
633 540 668 577 τῷ
692 539 751 568 τότε
775 539 860 578 χρόνῳ
886 540 1044 578 γιγνόμενον.

254 589 334 611 ΠΡΩ
355 584 430 616 Τίνας
473 588 528 610 ΣΩ.
547 582 702 620 Ζωγραφον,
725 581 754 614 ὅς
773 582 838 619 μετὰ
860 582 907 610 τὸν
923 595 1043 620 γραμμα-

253 625 341 661 τιστὴν
358 624 408 654 τῶν
424 627 566 663 λεγομένων
580 624 681 656 εἰκόνας
696 628 721 652 ἐν
735 624 766 661 τῇ
781 624 851 662 ψυχῇ
867 623 965 653 τούτων
978 623 1044 662 γρά-

254 680 304 703 φει.
348 672 429 695 ΠΡΩ.
447 666 511 698 Πῶς
538 666 567 701 δὴ
593 666 687 695 τοῦτον
713 667 746 694 αὐ
772 667 815 694 καὶ
836 665 901 695 πότε
927 669 1045 704 λέγομενς

255 715 310 737 ΣΩ.
324 708 403 737 Ὅταν
421 707 463 736 ἀπ’
492 707 578 746 ὅψεως
602 707 618 744 ἢ
644 720 713 740 τινος
739 707 814 744 ἄλλης
840 708 992 744 αἶσθήσεως
1013 708 1045 736 τὰ

254 750 312 780 τότε
331 750 489 788 δοξαζόμενα
506 752 549 778 καὶ
566 749 690 789 λεγόμενα
714 749 859 789 ἀπαγαγών
878 762 916 782 τις
932 750 979 782 τὰς
995 750 1046 778 τῶν

255 795 440 826 δοξασθέντων
460 793 504 821 καὶ
529 795 674 828 λεχθέντων
699 791 799 823 εἰκόνας
825 796 851 820 ἐν
873 791 941 830 αὖτῷ
968 791 1017 829 5ρᾷ
1041 798 1044 813 ¹

253 847 314 867 πως
332 834 347 870 ἢ
365 834 443 864 τοῦτο
462 847 508 863 ουκ
527 836 580 863 ἔστι
596 834 748 873 γιγνόμενον
765 833 825 872 παρ’
848 833 920 871 ἡμῖις
963 840 1045 862 ΠΡΩ.

254 877 363 914 Σφόδρα
384 879 432 914 μὲν
453 889 506 905 ουν.
550 882 605 904 ΣΩ.
625 875 723 905 Ουκοῦν
745 877 773 904 αἱ
793 879 840 914 μὲν
860 876 911 904 τῶν
938 874 1047 911 ἀληθῶν

254 921 336 951 δοξῶν
357 919 401 947 καὶ
422 918 505 957 λόγων
526 918 622 950 εἰκόνες
644 917 763 954 ἀληθεῖς,
787 919 815 946 αἱ
833 919 859 946 δὲ
877 918 928 946 τῶν
944 918 1046 952 ψευδῶν

253 963 367 999 ψευδεῖςς
411 966 491 988 ΠΡΩ.
510 960 693 989 Πανταπασιν.
737 966 792 988 ΣΩ.
812 961 843 988 El
861 960 890 995 δὴ
908 958 977 988 msa
999 958 1044 997 ὄρ-

255 1004 313 1035 θῶς
333 1002 478 1041 εἰρήκαμεν,
502 1004 537 1031 ἔτι
554 1003 597 1031 καὶ
614 1002 674 1031 τόδε
697 1003 738 1030 ἐπὶ
754 1002 856 1034 τούτοις
874 1001 1045 1040 σκεψώμεθα.

255 1051 334 1074 ΠΡΩ.
355 1045 391 1074 Τὸ
413 1048 504 1078 ποῖονς
547 1050 603 1073 ΣΩ.
626 1045 658 1072 Εἰ
678 1046 738 1082 περὶ
757 1047 804 1082 μὲν
824 1045 875 1073 τῶν
897 1044 978 1073 ὄντων
1004 1045 1047 1072 καὶ

253 1087 304 1116 τῶν
323 1086 470 1126 γεγονότων
491 1085 570 1115 ταῦθ’
588 1086 648 1124 ἡμῖν
670 1087 737 1115 οὕτω
759 1086 869 1123 πάσχειν
896 1085 1045 1125 ἀναγκαῖον,

253 1131 312 1171 περὶ
330 1131 356 1158 δὲ
374 1129 424 1158 τῶν
439 1128 582 1166 μελλόντων
600 1128 643 1163 οὖς
686 1135 767 1157 ΠΡΩ.
783 1130 851 1167 Περὶ
867 1127 988 1157 ἆπαντων
1000 1131 1047 1166 μὲν

255 1173 300 1201 οὖν
321 1171 372 1200 τῶν
390 1169 492 1209 χρόνων
514 1170 637 1203 ὦςαύτως
666 1178 670 1192 ¹
698 1177 753 1199 ΣΩ.
774 1170 873 1199 Ουκοῦν
900 1173 929 1199 αἵ
951 1183 981 1209 γε
1004 1171 1045 1198 διὰ

254 1214 298 1250 τῆς
313 1214 397 1252 ψυχῆς
418 1212 496 1248 αντῆς
516 1212 606 1249 ηδοναι
629 1214 673 1242 καὶ
689 1213 795 1242 λῦπαι
785 1216 931 1249 ἐλεχθησαν
950 1217 975 1241 ἐν
992 1217 1047 1244 τοῖς

254 1255 377 1294 πρόσθεν
399 1254 433 1287 ὦς
450 1255 501 1293 πρὸ
523 1255 574 1284 τῶν
596 1255 638 1283 δια
660 1255 706 1284 τοῦ
733 1266 854 1293 σωματος
878 1254 977 1290 ἡδονῶν
1003 1256 1047 1283 καὶ

253 1298 340 1327 λυπῶν
357 1296 528 1336 προγίγνοιντὶ
550 1297 594 1331 ἆτ’ν,
616 1296 680 1329 ὥςθ’
697 1297 756 1335 ἡμῖν
778 1299 908 1335 ξυμβαίνει
929 1297 959 1326 τὸ
978 1309 1045 1335 προ-

251 1342 350 1378 χαιρειν
370 1352 398 1368 τε
419 1352 463 1368 και
487 1340 517 1368 τὸ
544 1342 742 1378 προλυπεῖσθαι
767 1341 826 1377 περὶ
852 1340 898 1368 τὸν
922 1342 1047 1377 μέλλοντα

251 1382 348 1421 χρόνον
369 1380 433 1411 εἶναι
454 1381 617 1421 γιγνόμενονς
660 1388 742 1410 ΠΡΩ.
759 1384 947 1418 Αληθέστατα.
990 1387 1046 1410 ΣΩ.

254 1424 374 1463 Πότερον
397 1425 442 1453 οὖν
463 1424 496 1453 τὰ
516 1423 657 1463 γράμματά
683 1436 711 1453 τε
737 1437 780 1452 και
807 1423 1005 1462 ζωγραφήματα,
1030 1422 1047 1451 ἅ

255 1467 352 1505 σμικρῷ
377 1466 506 1504 πρότερον
531 1469 650 1520 ἐτίθεμεν
675 1469 701 1495 ἐν
725 1465 784 1504 ἡμῖν
809 1468 962 1505 γίγνεσθαι,
989 1478 1048 1503 περι

254 1513 301 1547 μὲν
318 1510 364 1538 τὸν
380 1508 508 1559 γεγονότα
526 1522 569 1537 και
586 1509 632 1538 τὸν
648 1508 767 1546 παρόντα
783 1508 879 1546 χρόνον
898 1511 958 1541 ἐστί,
979 1515 983 1529 ¹
999 1520 1045 1536 πε-

255 1553 281 1590 ρὶ
307 1553 333 1579 δὲ
358 1551 405 1579 τὸν
428 1553 553 1588 μέλλοντα
581 1549 627 1580 οὐκ
654 1552 734 1584 ἔστιν·
778 1557 859 1579 ΠΡΩ.
878 1550 988 1588 Σφόδρα
1010 1563 1046 1589 γε.

254 1599 310 1622 ΣΩ.
326 1589 389 1631 ἶΑρα
408 1592 511 1631 σφόδρα
529 1596 631 1635 λέγεις,
634 1592 674 1622 ὅτι
694 1591 769 1622 παντ,
790 1594 844 1622 ἐστι
861 1592 931 1622 ταῦτ
952 1594 1048 1624 ἐλπίδες

254 1636 291 1668 εἷς
311 1635 358 1664 τὸν
380 1637 466 1664 ἔπειτα
486 1634 583 1673 χρόνον
600 1648 685 1668 ονσαι,
707 1634 778 1673 ἡμεῖς
796 1634 820 1663 6'
841 1648 873 1664 αυ
891 1635 932 1663 διὰ
950 1635 1049 1667 παντὸς

254 1678 302 1707 τοῦ
328 1679 385 1715 βίον
412 1676 452 1706 ἀεὶ
476 1681 587 1716 γέμομεν
613 1679 731 1711 ἐλπίδωνς
783 1684 864 1706 ΠΡΩ.
886 1677 1049 1706 Πανταπασι

253 1721 300 1758 μὲν
318 1716 370 1749 οὖν.
415 1726 505 1748 XXIV.
524 1726 579 1748 ΣΩ.
593 1719 654 1759 'Are
672 1720 709 1756 δή,
727 1720 794 1758 πρὸς
815 1724 870 1752 τοῖς
886 1720 931 1748 νῦν
948 1720 1047 1757 εἰρημέ-

255 1774 309 1794 νοις
325 1763 368 1791 ua).
385 1762 444 1791 τόδε
463 1761 607 1800 ἀπόκριναι.
643 1768 724 1790 ΠΡΩ.
744 1763 780 1791 Τὸ
799 1766 890 1795 ποῖονς
926 1768 980 1790 ΣΩ.
1001 1764 1047 1789 Δί-

255 1816 328 1836 καιος
350 1803 413 1842 ἀνὴρ
435 1805 478 1832 καὶ
499 1803 605 1842 εὐσεβὴς
626 1805 670 1833 καὶ
697 1803 804 1843 αγαθὸς
829 1804 932 1836 πάντως
959 1800 997 1841 ἆρ’
1018 1802 1049 1832 οὗ

256 1846 383 1884 θεοφιλης
405 1850 471 1880 ἐστις
514 1853 596 1874 ΠΡΩ.
616 1849 648 1875 Τί
649 1846 728 1888 μήν;
772 1852 828 1875 ΣΩ.
848 1849 879 1874 Τί
901 1848 938 1880 δὲ;
963 1845 1050 1877 ἄδικός

255 1902 282 1918 τε
304 1902 346 1918 και
367 1889 521 1917 παντάπασι
542 1889 621 1920 κακὸς
643 1888 680 1926 (ἱρ
702 1902 733 1917 ου
753 1888 904 1918 τούναντίον
922 1893 934 1907 *
953 1891 1048 1925 ἐκείνως

257 1937 338 1960 ΠΡΩ.
356 1931 420 1982 Πῶς
437 1930 462 1959 δ’
482 1930 526 1964 οῧς
544 1937 600 1959 ΣΩ.
616 1931 726 1960 Πολλῶν
741 1931 792 1968 μὴν
810 1932 926 1963 ἐλπίδων,
946 1930 979 1962 ὧς
997 1933 1048 1959 ἕλε’-

257 1986 337 2012 γομεν
356 1972 424 2011 α’ρτι,
447 1973 500 2005 πᾶς
522 1972 666 2011 ἅνθρωπος
686 1976 768 2012 γέμεις
811 1979 893 2001 ΠΡΩ.
913 1975 945 2001 Τί
961 1971 984 2001 6
1006 1972 1049 2006 οὓς

256 2022 312 2044 ΣΩ.
330 2015 416 2054 Λόγοι
435 2015 486 2053 μήν
507 2015 572 2044 εἶσιν
593 2019 619 2044 ἐν
640 2027 759 2047 εκαστοις
784 2014 866 2053 ἡμῶν,
895 2015 925 2047 τίς
947 2016 1050 2046 ἐλπίδας

258 2057 428 2095 ὀνομαζομενς
471 2063 553 2086 ΠΡΩ.
574 2059 636 2085 Ναί.
680 2064 735 2086 ΣΩ.
751 2059 805 2086 Καὶ
824 2058 853 2093 δὴ
871 2059 914 2086 καὶ
931 2058 963 2086 τὰ
974 2070 1049 2110 τῖιφαν

257 2113 378 2137 τασματα
401 2102 608 2138 ἐζωγραφημένα·
636 2102 679 2128 καί
699 2111 737 2132 τις
758 2099 807 2137 όρᾷ
829 2099 952 2131 πολλακις
968 2099 1050 2137 ἑαυτῳ

255 2142 355 2180 χρυσὸν
371 2142 522 2181 γιγνόμενον
540 2141 665 2179 αφθονον
679 2143 722 2170 καὶ
738 2141 774 2191 ἐπ
792 2141 861 2179 αυτῷ
875 2144 972 2171 πολλὰς
986 2141 1048 2177 ἦδο-

258 2195 314 2216 νας
332 2186 376 2212 καὶ
394 2184 423 2220 δὴ
440 2185 483 2212 καὶ
505 2187 715 2222 ἐζωγραφημένον
733 2183 812 2213 αυτὸν
835 2183 872 2234 εφ)
892 2185 973 2221 ἑαυτῳ
988 2185 1048 2219 χαί-

258 2239 338 2265 ροντα
348 2225 460 2277 ,σφόδρα
477 2227 592 2264 καθορᾷ.
613 2233 616 2247 ¹
636 2232 717 2254 ΠΡΩ.
734 2229 766 2255 Τί
779 2225 803 2254 δ’
822 2239 865 2260 ους
908 2232 963 2254 ΣΩ.
981 2225 1048 2254 Τού-

258 2281 309 2298 των
326 2269 372 2298 οὐν
388 2268 487 2306 πότερα
501 2281 593 2306 φωμεν
614 2273 669 2300 τοῖς
684 2271 731 2306 μὲν
749 2268 867 2308 αγαθοῖς
884 2267 918 2300 ὦς
934 2268 964 2297 τὸ
983 2267 1050 2296 πολὺ

259 2311 292 2340 τὰ
312 2313 475 2350 γεγραμμένα
496 2314 702 2348 παρατίθεσθαι
725 2310 813 2347 ἀληθῆ
835 2311 877 2339 διὰ
899 2311 928 2339 τὸ
951 2314 1048 2346 θεοφι-

259 2356 310 2385 λεῖς
330 2351 406 2386 εἶναι,
428 2356 483 2385 τοῖς
504 2354 531 2381 δὲ
552 2357 641 2385 κακοῖς
662 2352 696 2385 ὦς
718 2350 750 2382 αὖ
772 2353 839 2382 *τὸ*
856 2353 923 2382 πολὺ
940 2365 1048 2382 τουναν-

259 2397 322 2429 τίον,
344 2394 360 2431 ἢ
380 2395 415 2433 μὴ
437 2395 536 2432 φῶμενς
580 2401 661 2423 ΠΡΩ.
679 2397 734 2424 Καὶ
754 2395 825 2433 μάλα
847 2398 951 2432 φατέον.
994 2400 1050 2423 ΣΩ

263 2436 362 2467 Οὖκοῦν
377 2438 421 2466 καὶ
437 2441 493 2469 τοῖς
509 2449 598 2469 κακοις
619 2436 711 2473 ἡδοναί
725 2450 755 2479 γε
774 2437 848 2466 ουδὲν
864 2440 942 2473 ἡττον
958 2449 1049 2473 παρει-

262 2492 303 2509 σιν
321 2482 533 2518 ἐζωγραφημὲναι,
555 2481 658 2530 ψευδεῖς
675 2482 702 2508 δὲ
721 2482 797 2508 αὐταί
817 2492 876 2509 που.
920 2485 1001 2507 ΠΡΩ
1022 2481 1053 2507 Τί

259 2521 320 2560 μήνς
363 2527 419 2550 ΣΩ.
439 2528 443 2542 ¹
467 2523 589 2550 Ψευδέσιν
612 2521 650 2559 αρ’
670 2522 775 2558 ἡδοναῖς
796 2522 828 2551 τὰ
849 2521 933 2551 πολλὰ
956 2523 982 2550 οἱ
999 2533 1049 2550 πο-

260 2565 332 2602 νηροὶ
347 2566 491 2602 χαίρουσιν,
510 2565 536 2592 οἱ
554 2562 577 2591 δ’
598 2562 701 2603 ἁγαθοὶ
719 2565 770 2593 τῶν
788 2563 937 2602 ἀνθρώπων
952 2563 1050 2599 ἀληθέ-

260 2619 309 2635 σιν.
352 2612 433 2634 ΠΡΩ.
451 2604 654 2644 Ἀναγκαιότατα
676 2609 760 2645 λέγεις.
804 2613 858 2635 ΣΩ.
878 2607 938 2635 Εἰσὶ
956 2605 985 2642 δὴ
1003 2618 1050 2633 κα-

260 2649 292 2677 τὰ
315 2648 376 2680 τοὺς
396 2648 441 2677 νῦν
461 2647 556 2686 λόγους
576 2649 679 2686 ψευδεῖς
701 2652 727 2676 ἐν
748 2653 804 2680 ταῖς
825 2648 876 2677 τῶν
902 2647 1052 2686 ἀνθρώπων

260 2694 356 2728 ψυχαῖς
372 2690 470 2726 ἡδοναί,
484 2693 652 2728 μεμιμημέναι
667 2693 755 2728 μέντοι
771 2691 819 2722 τὰς
836 2690 945 2727 ἀληθεῖς
961 2690 1003 2719 ἐπὶ
1020 2689 1052 2718 τὰ

435 504 490 526 ΣΩ.
509 500 649 534 Αποδεχου
657 498 700 547 ἠδη
722 511 765 526 και
787 498 874 536 ἕτερον
891 498 1046 536 δημιουργὸν

922 167 1215 194 PLATONIS

1093 245 1253 286 γελοιότερα·
1273 247 1316 273 καὶ
1333 246 1411 275 λῦπαι
1429 248 1456 275 δὲ
1474 245 1599 278 ὦςαύτως.
1627 252 1708 275 ΠΡΩ.
1725 247 1805 276 Εἶσίν.
1829 253 1884 276 ΣΩ.

1098 288 1197 317 Οὐκοῦν
1213 289 1243 323 ἠν
1262 287 1375 320 δοξάζειν
1391 291 1437 325 μὲν
1455 288 1534 321 όντως
1550 288 1589 317 ἀεὶ
1604 290 1638 326 τῷ
1653 289 1682 317 τὸ
1699 289 1825 326 παράπαν
1840 291 1884 319 δο-

1095 330 1207 363 ξαζοντι,
1229 330 1264 366 μὴ
1287 328 1324 357 ἐπ
1345 331 1403 358 οὖσι
1425 332 1452 359 δὲ
1472 332 1535 368 μηδὲ
1558 332 1599 359 ἐπὶ
1620 330 1742 369 γεγονόσι
1762 330 1822 368 μηδ’
1847 330 1884 360 ἐπ’

1096 374 1228 421 ἐσομένοις
1246 373 1332 399 ἐνίοτε.
1376 378 1457 400 ΠΡΩ.
1475 373 1554 401 Πανυ
1570 385 1607 411 γε.

1096 427 1128 442 τα
1145 425 1174 452 γε
1191 414 1233 448 ἠν,
1253 417 1336 450 οἶμαι,
1358 413 1391 441 τὰ
1414 412 1607 465 ἀπεργαζόμενα
1630 414 1710 446 δόξαν
1730 416 1811 452 ψευδῆ
1829 415 1887 444 τότε

1096 456 1138 484 καὶ
1160 455 1190 483 τὸ
1211 455 1312 492 ψευδῶς
1334 455 1454 488 δοξάζειν.
1481 457 1495 491 ἠ
1516 456 1581 495 γᾶρς
1625 463 1705 485 ΠΡΩ.
1726 459 1789 484 Ναί
1832 463 1886 485 ΣΩ.

1098 500 1129 525 Τί
1146 498 1203 530 aine,-
1223 496 1268 525 οὐκ
1288 495 1480 526 ἇνταποδοτέον
1498 502 1554 530 ταῖς
1572 498 1662 530 λυπαις
1679 511 1706 527 τε
1724 500 1767 526 καὶ
1784 498 1888 534 ἧδοναῖς

1096 540 1140 575 τὴν
1155 539 1253 568 τούτων
1268 537 1442 576 ἀντίστροφον
1457 541 1506 572 ἕξιν
1522 544 1547 568 ἐν
1563 543 1676 573 ἐκείςνοις
1716 546 1796 568 ΠΡΩ.
1812 541 1887 574 Πῶς;

1097 587 1152 609 ΣΩ.
1168 580 1212 612 Ὡς
1233 582 1264 616 ἢν
1283 583 1331 618 μὲν
1349 583 1448 618 χαίρειν
1474 581 1554 613 ὅντως
1580 581 1620 610 ἀεὶ
1645 582 1680 620 τῷ
1705 582 1736 611 τὸ
1761 582 1888 633 παράπαν

1097 623 1215 654 ὀπωςοῦν
1236 624 1279 651 καὶ
1301 623 1356 660 εἰκῇ
1376 625 1504 660 χαίροντι
1530 624 1565 661 μὴ
1586 627 1673 661 μέντοι
1695 625 1736 652 ἐπὶ
1757 628 1812 656 τοῖς
1830 626 1888 654 οὖσι

1095 664 1155 703 μηδ
1176 666 1217 693 ἐπὶ
1234 669 1289 696 τοῖς
1309 664 1446 703 γεγονόσιν
1466 668 1556 698 ἐνίοτε,
1579 665 1701 697 πολλάκις
1723 667 1749 694 δὲ
1767 679 1810 694 και
1828 670 1889 699 ἴσως

1096 706 1243 738 πλειστάκις
1265 708 1306 735 ἐπὶ
1328 711 1382 738 τοῖς
1402 708 1465 757 μηδὲ
1485 710 1607 744 μέλλουσί
1631 720 1696 736 ποτε
1709 707 1888 749 γενήσεσθαι.

1098 755 1201 777 ΙΠΡΩ
1225 750 1279 777 Και
1306 747 1385 777 ταῦθ’
1410 748 1491 781 ου’τως
1517 748 1671 788 ἀναγκαῖον,
1698 762 1719 778 ω
1744 749 1887 803 Σώκρατες,

1097 794 1167 827 ἒχειν.
1211 797 1267 819 ΣΩ.
1289 789 1387 819 Ουκοῦν
1409 790 1423 819 ὃ
1446 790 1524 822 αυτὸς
1546 791 1623 829 λόγος
1645 791 1676 820 ἄν
1697 795 1735 828 εἴη
1756 793 1815 841 περὶ
1836 792 1887 829 φό-

1098 835 1149 870 βωι
1166 845 1192 861 τε
1211 846 1254 861 και
1272 834 1366 870 θυμῶν
1382 834 1425 861 καὶ
1442 832 1547 861 πάντων
1564 833 1615 862 τῶν
1631 833 1764 867 τοιούτων,
1783 834 1817 866 ὠς
1835 835 1889 863 ἔστι

1098 888 1139 903 και
1157 875 1239 912 ψευδῆ
1257 887 1343 903 παν-ια
1361 875 1393 903 τὰ
1411 875 1519 904 τοιαῦτα
1539 877 1630 909 ἐνίοτες
1657 882 1737 904 ΠΡΩ.
1752 875 1830 904 Πανυ
1843 879 1889 914 μὲν

1098 919 1150 946 οὖν.
1194 923 1249 945 ΣΩ.
1269 918 1301 945 Τί
1322 918 1360 950 65,-
1382 929 1498 954 πονηρας
1520 917 1598 949 δόξας
1619 919 1661 946 καὶ
1676 918 1792 955 χρηστὰς
1809 917 1890 950 ἄλλως

1096 973 1111 995 η
1128 960 1231 997 ψευδεῖς
1251 962 1403 997 γιγνομένας
1426 961 1515 996 ἔχομεν
1532 960 1625 993 εἰπεῖνς
1669 966 1750 988 ΠΡΩ.
1772 959 1823 989 Οὔκ
1842 959 1887 988 α’λ-

1097 1005 1151 1033 λως.
1178 1007 1234 1029 ΣΩ
1255 1000 1317 1030 Ουδ
1336 1001 1431 1036 ἡδονας
1447 1014 1480 1040 γ,
1500 1013 1579 1039 οιμαι,
1597 1002 1774 1039 κατανοοῦμεν
1791 1001 1824 1034 ὦς
1843 1001 1887 1030 δίλ-

1097 1047 1143 1072 λον
1160 1056 1215 1072 τινα
1234 1042 1334 1081 τρόπον
1354 1044 1405 1072 εἶσὶ
1427 1056 1539 1081 πονηραι
1559 1044 1625 1080 πλὴν
1646 1048 1659 1062 *
1681 1046 1715 1082 τῷ
1718 1045 1836 1086 ψευδεῖς
1851 1044 1887 1073 εἷ-

1097 1098 1146 1115 ναι.
1190 1091 1272 1114 ΠΡΩ.
1289 1085 1367 1114 Πιίνυ
1388 1088 1434 1123 μὲν
1456 1098 1502 1114 ουν
1522 1085 1685 1119 τούναντίον,
1708 1099 1728 1114 ω
1745 1086 1888 1124 Σωκρατες,

1097 1131 1205 1166 εἴρηκας.
1233 1128 1326 1163 σχεδον
1346 1128 1397 1167 γὰρ
1415 1128 1450 1165 τῷ
1467 1127 1556 1166 ψεύδει
1576 1131 1623 1166 μὲν
1640 1127 1672 1157 οὗ
1689 1141 1758 1157 πανυ
1774 1128 1891 1167 πονηρὰς

1098 1170 1129 1199 ἄν
1146 1182 1183 1202 τις
1200 1169 1283 1201 λυπας
1299 1182 1326 1198 τε
1343 1171 1387 1198 καὶ
1403 1169 1497 1206 ηδονὰς
1515 1173 1587 1206 θείη,
1605 1170 1703 1210 μεγαλῃ
1722 1172 1748 1199 δὲ
1767 1170 1830 1208 ἄλλῃ
1847 1172 1891 1199 καὶ

1096 1212 1179 1249 πολλῆ
1202 1224 1402 1249 συμπιπτουσας
1423 1214 1540 1250 πονηρίᾳ.
1584 1218 1639 1241 ΣΩ.
1660 1213 1712 1245 Τὰς
1732 1216 1779 1250 μὲν
1804 1215 1889 1242 τοίνυν

1097 1254 1212 1304 πονηρὰς
1228 1253 1323 1289 ἡδονὰς
1340 1267 1383 1282 και
1400 1254 1441 1282 διὰ
1459 1257 1584 1292 πονηρίαν
1603 1254 1684 1287 ου’σας
1698 1254 1821 1287 τοιαύτας
1835 1254 1888 1284 ὂλί-

1096 1309 1145 1336 γον
1161 1308 1271 1334 υστερον
1289 1297 1401 1334 ἐροῦμεν,
1422 1309 1453 1324 αν
1472 1298 1507 1325 ε’τι
1525 1297 1587 1334 δοκῇ
1606 1297 1664 1335 νῷν
1684 1297 1730 1329 τὰς
1748 1299 1774 1326 δὲ
1788 1299 1891 1335 ψευδεις

1099 1341 1135 1368 ἔτι
1155 1351 1203 1367 κατ
1234 1338 1312 1367 α’λλον
1337 1338 1437 1376 τρόπον
1459 1342 1485 1366 ἐν
1506 1338 1565 1376 ἡμῖν
1585 1326 1683 1371 πολλὰς
1703 1340 1747 1368 καὶ
1768 1339 1891 1372 πολλάκις

1098 1380 1207 1412 ἐνουσας
1224 1392 1251 1409 τε
1267 1393 1311 1409 και
1319 1383 1506 1434 ἐγγιγνομένας
1521 1387 1525 1402 ¹
1541 1384 1648 1410 λεκτέον.
1667 1381 1749 1419 τούτῳ
1763 1382 1814 1420 γὰρ
1829 1385 1892 1414 ἴσως

1095 1423 1254 1461 χρησόμεθα
1276 1422 1342 1461 πρὸς
1363 1423 1410 1455 τὰς
1431 1425 1531 1459 κρίσεις.
1575 1429 1655 1451 ΠΡΩ.
1674 1424 1738 1456 Πῶς
1757 1424 1808 1462 γὰρ
1830 1423 1889 1458 οῧκς

1098 1469 1168 1503 εἴπερ
1189 1477 1218 1504 γε
1239 1465 1312 1494 εἰσίν
1355 1471 1411 1493 ΣΩ.
1428 1463 1499 1498 Λλλ,
1523 1478 1542 1493 ω
1564 1465 1720 1504 Πρώταρχε,
1747 1466 1799 1495 εἶσὶ
1823 1465 1890 1495 κατά

1097 1521 1127 1547 γε
1144 1508 1190 1544 τὴν
1212 1507 1278 1544 ἐμήν.
1308 1507 1383 1536 τοῦτο
1407 1509 1434 1536 δὲ
1455 1507 1485 1536 τὸ
1509 1507 1592 1546 δόγμα
1615 1509 1660 1539 ἕως
1678 1507 1709 1536 ἂν
1726 1511 1811 1544 κέηται
1827 1506 1888 1547 παρ’

1098 1550 1168 1588 ἡμῖν,
1192 1549 1319 1578 αδύνατον
1340 1549 1489 1588 ἀνέλεγκτον
1511 1550 1593 1586 δηπου
1618 1552 1765 1588 γίγνεσθαι.
1808 1556 1889 1579 ΠΡΩ.

1099 1592 1199 1624 Καλῶς,
1257 1598 1336 1620 XXV.
1369 1598 1424 1620 ΣΩ.
1456 1591 1669 1629 Προςιστωμεθα
1702 1592 1731 1628 δὴ
1765 1591 1890 1631 καθάπερ

1100 1634 1216 1670 αθληταί
1240 1634 1307 1672 πρὸς
1332 1634 1427 1663 τοῦτον
1448 1630 1480 1662 αὖ
1502 1635 1548 1663 τὸν
1569 1634 1655 1673 λόγον.
1698 1640 1780 1663 ΠΡΩ.
1794 1634 1889 1673 Ἰωμεν-

1100 1683 1155 1705 ΣΩ.
1173 1677 1247 1705 Αλλὰ
1268 1676 1318 1714 μὴν
1339 1679 1456 1714 εἴπομεν,
1478 1679 1549 1729 εἰπερ
1570 1676 1737 1714 μεμνήμεθα,
1761 1675 1848 1716 ὀλίγον
1865 1680 1891 1706 ἐν

1100 1723 1154 1751 τοῖς
1172 1721 1333 1761 ἔμπροσθεν,
1352 1718 1392 1751 ὡς,
1413 1725 1416 1739 ¹
1436 1718 1500 1747 ὅταν
1519 1720 1545 1747 αἶ
1562 1718 1697 1757 λεγόμεναι
1715 1721 1852 1757 ἐπιθυμίαι
1866 1722 1892 1748 ἐν

1099 1761 1158 1799 ημῖν
1177 1763 1231 1793 ὦσι,
1251 1762 1308 1796 δίχα
1328 1760 1378 1798 ἄρα
1397 1760 1455 1790 τότε
1477 1760 1507 1789 τὸ
1531 1761 1606 1798 σῶμα
1624 1763 1667 1789 καὶ
1683 1773 1761 1799 χωρις
1777 1762 1821 1798 τῆς
1837 1771 1889 1799 ψυ-

1097 1804 1144 1839 χῆς
1169 1807 1224 1835 τοῖς
1248 1802 1393 1841 παθήμασι
1419 1804 1565 1838 διείληπται.
1609 1809 1690 1831 ΠΡΩ.
1715 1803 1890 1841 Μεμνήμεθα,

1472 1851 1527 1873 ΣΩ.
1554 1844 1652 1874 Οὗκοῦν
1673 1846 1703 1874 τὸ
1725 1848 1772 1883 μὲν
1795 1849 1889 1874 ἐπιθυ-

1098 1888 1165 1926 μοῦν
1182 1889 1212 1924 ἦν
1229 1887 1243 1923 ἡ
1261 1898 1330 1925 ψιχη
1348 1900 1398 1916 των
1415 1887 1462 1916 τοῦ
1480 1887 1602 1925 σώματος
1620 1890 1738 1916 ἐναντίων
1760 1888 1842 1921 ἕξεων,
1859 1887 1889 1917 τὸ

1100 1932 1127 1959 δὲ
1148 1930 1193 1966 τὴν
1215 1928 1343 1968 αλγηδόνα
1364 1943 1379 1965 η
1401 1942 1456 1958 τινα
1480 1930 1520 1958 δια
1542 1929 1636 1962 πάθος
1657 1929 1749 1966 ἡδονὴν
1767 1930 1798 1959 τὸ
1816 1929 1891 1968 σῶμα

1099 1974 1129 2008 ἦν
1147 1973 1176 2001 τὸ
1194 1971 1383 2009 παρεχόμενον,
1427 1978 1507 2000 ΠΡΩ.
1526 1973 1572 2001 Ἠν
1587 1984 1638 2010 γαρ
1657 1967 1710 2001 οὖν.
1749 1978 1804 2000 ΣΩ.
1821 1975 1889 2000 Συλ-

1100 2017 1202 2053 λογίζου
1228 2014 1258 2050 δὴ
1284 2014 1313 2042 τὸ
1340 2013 1492 2052 γιγνόμενον
1519 2018 1544 2042 ἓν
1566 2013 1673 2046 τούτοις.
1717 2020 1798 2042 ΠΡΩ.
1816 2017 1890 2053 Λέγε.

1100 2063 1155 2085 ΣΩ.
1174 2059 1292 2095 Γίγνεται
1314 2059 1410 2087 τοίνυν,
1434 2056 1534 2085 ὁπόταν
1555 2057 1572 2094 ᾖ
1596 2063 1599 2077 ¹
1623 2055 1743 2089 ταῦθ’,
1732 2069 1785 2094 αμα
1802 2069 1889 2094 παρα-

1100 2103 1209 2127 κεῖσθαι
1230 2098 1312 2130 λύπας
1332 2110 1359 2127 τε
1381 2100 1424 2126 καὶ
1444 2098 1550 2134 ἡδονάς,
1572 2099 1615 2126 καὶ
1636 2098 1735 2127 τούτων
1753 2097 1892 2135 αἰσθήσεις

1101 2141 1154 2178 ἅμα
1175 2139 1235 2177 παρ’
1256 2139 1364 2176 ἀλλήλας
1386 2143 1504 2169 ἐναντίων
1526 2139 1612 2169 οὖσῶν
1632 2143 1784 2180 γίγνεσθαι,
1813 2139 1828 2170 ὅ
1848 2141 1891 2169 καὶ

1099 2184 1144 2212 νῦν
1166 2183 1195 2219 δὴ
1219 2182 1305 2219 ἐφάνη.
1350 2188 1430 2211 ΠΡΩ.
1453 2185 1573 2211 Φαίνεται
1594 2183 1666 2222 γοῦν.
1713 2189 1768 2211 ΣΩ.
1793 2181 1891 2212 Οὗκῡῧν

1100 2239 1143 2254 και
1164 2225 1223 2254 τόδε
1245 2228 1342 2263 εἴρηται
1368 2226 1411 2253 καὶ
1438 2228 1692 2277 συνωμολογημένον
1707 2223 1767 2262 ἦμῖν
1793 2226 1889 2263 ἐμπρο-

1101 2272 1170 2297 σθεν
1187 2271 1280 2301 κεῖταις
1324 2273 1405 2295 ΠΡΩ
1425 2267 1460 2296 Τὸ
1480 2271 1570 2301 ποῖονς
1614 2273 1669 2296 ΣΩ.
1685 2266 1730 2299 Ὡς
1746 2267 1776 2296 τὸ
1793 2266 1891 2305 μᾶλλόν

1100 2323 1127 2339 τε
1144 2323 1187 2338 και
1204 2306 1282 2345 ἧττον
1300 2308 1376 2347 α’μφω
1394 2322 1476 2338 τουτω
1495 2311 1631 2345 δέχεσθον,
1651 2309 1716 2346 λυπη
1730 2322 1757 2338 τε
1771 2322 1815 2338 και
1828 2308 1888 2346 ἦδο-

1101 2352 1141 2388 νή,
1169 2365 1211 2380 και
1234 2351 1273 2380 ὅτι
1294 2353 1345 2380 τῶν
1366 2350 1478 2393 απείρων
1504 2355 1578 2387 εἴτην.
1621 2357 1702 2380 ΠΡΩ.
1725 2355 1841 2390 Εἴρηται·
1866 2352 1893 2380 τί

1099 2394 1161 2432 μήν·
1204 2400 1260 2422 ΣΩ.
1280 2396 1323 2426 Τίς
1345 2407 1390 2422 ουν
1415 2394 1514 2431 μηχανὴ
1540 2392 1610 2422 ταῦτ’
1630 2393 1721 2431 ὀρθως
1741 2395 1890 2432 κρίνεσθαιῐ

1103 2443 1106 2458 ¹
1126 2442 1206 2465 ΠΡΩ.
1225 2436 1270 2473 Πῇ
1293 2436 1322 2471 δὴ
1344 2437 1387 2464 καὶ
1408 2437 1474 2470 πῶςς
1518 2442 1574 2464 ΣΩ.
1594 2436 1625 2464 Εἴ,
1646 2435 1675 2465 τὸ
1698 2435 1813 2474 βούλημα
1833 2434 1891 2474 ἡμῖν

1101 2478 1145 2515 τῆς
1162 2480 1267 2516 κρίσεως
1284 2477 1382 2507 τούτων
1405 2482 1430 2507 ἐν
1450 2477 1578 2510 τοιούτοις
1599 2479 1651 2507 τισὶ
1673 2479 1810 2517 διαγνῶναι
1827 2476 1888 2515 βου-

1101 2524 1170 2549 λεται
1191 2519 1326 2553 ἑκάστοτε,
1350 2523 1387 2552 τίς
1408 2519 1505 2549 τούτων
1525 2520 1593 2558 πρὸς
1614 2519 1723 2556 ἀλλήλας
1743 2522 1832 2558 μείζων
1848 2519 1890 2548 καὶ

1100 2565 1138 2594 τίς
1155 2562 1265 2592 ἐλάττων
1282 2564 1325 2590 καὶ
1346 2565 1383 2594 τίς
1402 2563 1501 2601 μᾶλλον
1522 2564 1565 2591 καὶ
1582 2564 1620 2594 τίς
1636 2564 1807 2616 σφοδροτέρα,
1825 2561 1889 2598 λύπη

1101 2617 1128 2634 τε
1146 2605 1213 2642 πρὸς
1228 2604 1322 2640 ηδονὴν
1339 2606 1381 2633 καὶ
1398 2605 1464 2641 λὺπη
1485 2605 1552 2643 πρὸς
1573 2604 1654 2641 λυπην
1674 2617 1715 2633 και
1734 2603 1812 2641 ἡδονὴ
1825 2603 1891 2642 πρὸς

1101 2646 1201 2683 η’δονήν.
1245 2653 1326 2675 ΠΡΩ.
1347 2646 1409 2676 AM?
1434 2648 1488 2676 ἔστι
1513 2646 1595 2676 ταῦτα
1621 2659 1648 2675 τε
1673 2659 1782 2676 τοιαυτα
1808 2646 1851 2675 καὶ
1874 2643 1890 2682 ἦ

1103 2689 1222 2726 βούλησις
1239 2690 1282 2725 τῆς
1299 2692 1405 2727 κρίσεως
1423 2688 1493 2725 αὕτη
1536 2695 1592 2717 ΣΩ.
1609 2691 1642 2717 Tl
1654 2684 1713 2723 οὖν,-
1732 2692 1758 2717 ἕν
1769 2690 1817 2726 μὲν
1831 2697 1890 2725 οψει

1100 1859 1143 1874 και
1163 1845 1318 1897 προερρήθη
1339 1845 1428 1874 ταῦτα.

1651 379 1706 400 ΣΩ.
1724 374 1780 400 Καὶ
1799 380 1802 394 ¹
1821 374 1884 402 ταῦ-
1910 381 1928 400 D

1917 495 1931 568 5

1913 1052 1966 1070 41=

1914 1388 1932 1407 B
