1998 3084
774 175 1106 201 POLITICUS.

91 292 98 296 ἱ
123 255 318 292 ξυνδιακυβερνᾷ
339 253 386 285 τὰς
407 257 433 281 ἐν
453 256 510 284 ταῖς
530 252 622 281 πόλεσι
643 252 760 290 πραξεις
784 253 801 281 δι’
819 253 848 289 δή
866 266 914 282 τινι

82 1527 99 1546 Ε

67 1949 102 1968 305

122 297 210 335 τρόπῳ
228 296 312 346 ρᾷστά
330 306 367 327 τις
385 293 543 332 ἀπομερίζων
565 296 639 326 δείξει
659 295 757 333 γυμνὸν
773 309 816 324 και
831 295 914 333 μόνον

123 343 218 368 ἐκεῖνον
238 337 307 367 καθ’
332 336 411 366 αὑτὸν
436 336 483 365 τὸν
508 336 661 374 ζητούμενον
680 336 722 374 ὑφ
742 336 819 375 ἡμῶν
863 343 913 366 NE

122 387 178 409 ΣΩ.
198 381 283 416 Δῆλον
300 379 341 408 ο’τι
357 378 436 408 τοῦτό
453 390 491 416 πῃ
513 379 577 429 δρᾶν
594 383 737 417 πειρατέον.
780 386 828 409 ΞΕ.
846 382 912 408 Πεί-

122 434 170 461 ρας
185 425 233 460 μὲν
248 424 333 451 τοίνυν
354 421 426 450 ἕνεκα
447 421 559 459 φανερὸς
582 422 660 450 ἔσται.
689 422 730 450 διὰ
749 423 775 451 δὲ
791 422 916 460 μουσικῆς

122 464 202 493 αὐτὸν
227 466 383 502 ἐγχειρητέον
410 464 530 498 δηλῶσαι.
556 465 599 491 καί
615 475 661 500 μοι
682 466 744 502 λέγε.
789 471 839 492 ΝΕ.
857 469 913 492 ΣΩ.

122 508 159 536 Τὸ
176 510 267 539 ποῖον;
311 511 359 533 ΞΕ.
377 506 515 541 Μουσικῆς
533 512 537 526 ¹
557 507 611 534 ἔστι
627 505 680 534 πού
698 517 735 538 τις
747 505 807 543 ἡμῖν
819 505 911 544 μα’θη-

121 560 168 581 σις,
186 549 230 576 καὶ
248 547 312 579 ὅλως
329 548 379 576 τῶν
396 549 456 585 περὶ
470 550 642 589 χειροτεχνίας
660 549 818 598 ἐπιστημῶν;
862 554 912 576 NE.

120 596 176 619 ΣΩ.
190 589 267 618 Ἐστι.
311 595 360 618 ΞΕ
380 591 411 617 Τί
427 591 466 623 δές
484 589 513 618 τὸ
534 588 557 617 6
578 591 611 618 αὐ
628 589 726 618 τούτων
743 590 859 626 ἡντινοῦν
876 593 912 618 εἶ’-

120 645 146 661 ‘te
165 633 203 661 δεῖ
218 631 365 669 μανθάνειν
381 630 448 680 ἡμᾶς
465 635 514 660 εἴτε
531 644 572 669 μη.
599 632 698 670 ποτερα
720 632 838 682 φήσομεν
856 636 911 660 ἐπι-

120 675 218 712 στήμην
240 675 272 702 αὐ
294 687 338 702 και
358 686 452 709 ταυτην
474 672 540 702 εἶναί
555 686 611 702 τινα
629 675 688 712 περὶ
706 673 772 703 αὐτὰ
790 675 880 707 ταῦτα,
898 673 914 709 ἢ

119 717 186 750 πῶς-ς
229 722 279 744 NE.
298 721 354 744 ΣΩ.
375 715 472 748 Οὕτως,
495 715 560 744 εἶναι
570 715 701 765 φήσομεν.
745 722 794 745 ΞΕ.
815 716 915 745 Οὐκοῦν

119 761 207 796 ἑτέραν
224 757 422 796 ὁμολογήσομεν
441 760 539 787 ἐκείνων
556 757 621 787 εἶναι
638 758 744 794 ταύτηνς
788 765 839 787 NE.
858 764 914 786 ΣΩ.

121 803 184 829 Ναί.
228 806 276 829 ΞΕ.
294 799 402 838 Πότερα
420 799 444 828 δ’
465 799 549 829 αὐτῶν
564 799 684 838 οὐδεμίαν
699 800 786 839 ἄρχειν
800 801 852 829 δεῖν
867 800 912 828 ἄλ-

119 846 164 880 λην
182 842 269 878 ἄλλης,
290 841 306 878 ἢ
328 844 424 874 ἐκείνας
439 842 545 878 ταύτης,
566 842 582 878 ἢ
604 842 698 878 ταύτην
717 849 721 864 ¹
741 844 792 872 δεῖν
810 847 913 881 ἐπιτρο-

118 885 254 914 πεύουσαν
279 884 367 923 ἄρχειν
391 885 534 922 ξυμπασῶν
560 886 611 913 τῶν
638 884 731 918 ἂλλωνς
781 891 832 914 NE
859 891 914 913 ΣΩ.

121 927 222 963 Ταυτην
240 929 345 955 ἐκείνων.
389 932 438 956 ΞΕ.
458 927 510 963 Τὴν
526 927 549 956 εἶ
567 929 606 955 δεῖ
624 927 803 964 μανθάνειν’
788 941 803 963 η
819 927 854 965 μὴ
872 927 916 962 τῆς

119 972 320 1009 μανθανομένης
340 970 384 997 καὶ
405 969 578 1005 διδασκούσης
600 968 651 1007 ἄρα
673 982 706 998 συ
728 982 745 1008 γ
777 968 916 1006 αποφαίνει

121 1014 172 1042 δεῖν
193 1011 253 1050 ἡμῖν
274 1010 373 1049 ἆτ’ρχεινς
417 1017 468 1060 ΝΕ
495 1017 550 1039 ΣΩ.
577 1011 688 1047 Σφόδρα
713 1023 751 1050 γε.
795 1017 842 1040 ΞΕ
861 1012 916 1039 Και

120 1055 165 1091 τὴν
185 1055 208 1083 εἶ
230 1055 268 1082 δει
288 1055 393 1082 πείθειν
414 1052 466 1091 ἄρα
488 1066 503 1089 η
523 1053 558 1091 μὴ
579 1054 623 1089 τῆς
644 1054 783 1091 δυναμένης
799 1056 915 1086 πείθειν;

120 1103 172 1126 ΝΕ
194 1101 250 1125 ΣΩ
271 1095 336 1127 Πῶς
361 1094 384 1123 6
405 1107 450 1129 ους
493 1100 542 1124 ΞΕ.
561 1093 627 1124 Εἶεν.
653 1098 702 1124 τίνι
726 1095 757 1124 τὸ
785 1096 917 1124 πειστικὸν

122 1140 168 1169 οὖν
185 1137 358 1176 ἀποδώσομεν
375 1136 501 1175 ἐπιστήμῃ
520 1144 524 1158 ¹
543 1137 665 1173 πλήθους
681 1150 708 1167 τε
722 1139 766 1166 καὶ
781 1137 860 1174 ὄχλου
875 1137 916 1166 διὰ

120 1182 286 1231 μυθολογίας
312 1179 376 1208 ἀλλὰ
389 1179 434 1228 ,μὴ
462 1180 503 1208 διὰ
527 1180 642 1216 διδαχῆςς
685 1186 736 1208 NE.
755 1186 810 1208 ΣΩ.
832 1186 915 1208 Φανε-

122 1223 176 1262 ρόν,
195 1221 275 1261 οἶμαι,
293 1223 337 1251 καὶ
353 1222 431 1251 τοῦτο
450 1222 571 1261 ῥητορικῇ
587 1221 700 1251 δοτέον
691 1221 727 1251 όν.
771 1228 819 1252 ΞΕ.
838 1222 873 1251 Τὸ
892 1220 915 1250 δ’

122 1269 171 1295 εἴτε
189 1265 231 1294 διὰ
248 1265 362 1296 πενθοῦς
377 1267 427 1293 εἴτε
448 1265 492 1293 καὶ
514 1265 555 1293 δια
577 1276 646 1296 τινος
668 1266 724 1301 βίας
742 1266 780 1293 δεῖ
796 1264 918 1303 πράττειν

122 1307 188 1347 πρός
204 1318 276 1339 τινας
297 1306 384 1336 ὁτιοῦν
405 1306 420 1342 ἢ
441 1308 485 1335 καὶ
506 1307 536 1336 τὸ
554 1306 682 1345 παράπαν
700 1308 771 1343 ἔχειν,
795 1306 862 1336 τοῦτ’
885 1302 918 1335 αὖ

122 1352 185 1387 ποίᾳ
205 1349 394 1388 προςθησομεν
416 1348 555 1387 ἐπιστήμῃς
598 1355 649 1377 ΝΕ.
668 1355 723 1378 ΣΩ.
744 1350 781 1387 Τῇ
800 1351 843 1385 τῆς
860 1361 916 1378 πει-

124 1392 210 1429 οτικῆς
224 1391 343 1430 ἀρχούσῃ
360 1392 404 1420 καὶ
420 1393 538 1427 λεκτικῆς.
582 1396 630 1421 ΞΕ.
649 1395 697 1428 Εἴη
715 1393 742 1420 δὲ
761 1391 793 1420 ἂν
808 1391 854 1421 οὐκ
870 1391 916 1420 ἅλ-

123 1438 153 1472 λη
170 1445 215 1468 τις,
233 1433 268 1466 ὦς
285 1432 364 1472 οἶμαι,
383 1434 448 1469 πλὴν
464 1433 482 1470 ἦ
498 1434 545 1463 τοῦ
562 1434 696 1463 πολιτικοῦ
712 1433 822 1472 δύναμις.
866 1440 917 1462 NE.

124 1483 180 1506 ΣΩ.
197 1475 319 1505 Κάλλιστ’
340 1479 447 1514 εἴρηκας.
491 1482 539 1505 ΞΕ.
557 1477 613 1505 Καὶ
630 1477 707 1505 τοῦτο
725 1480 772 1514 μὲν
787 1478 852 1506 ἔοικε
870 1489 917 1505 τα-

121 1519 155 1557 χὺ
172 1521 333 1570 κεχωρίσθαι
349 1519 479 1554 πολιτικῆς
498 1525 501 1539 ¹
521 1518 550 1547 τὸ
570 1518 712 1557 ῥητορικόν,
727 1518 760 1551 ὦς
778 1520 865 1558 ἕτερον
881 1531 918 1547 ει-

125 1564 169 1594 δος
186 1573 224 1595 ον,
240 1560 384 1599 ὖιτηρετουν
400 1561 450 1598 μὴν
467 1573 555 1598 ταυτη.
573 1567 640 1604 ΝΕ
660 1567 677 1579 ⁸
661 1567 716 1589 ...Ω
737 1564 800 1589 Ναί.
833 1568 919 1590 XLIII.

125 1609 173 1634 ΞΕ.
192 1605 224 1632 Τί
241 1605 267 1632 δὲ
287 1615 347 1642 περι
368 1603 412 1639 τῆς
433 1602 531 1635 τοιᾶςδ
551 1605 584 1632 αὖ
607 1603 736 1641 δυνάμεως
759 1605 919 1640 διανοητέον;

125 1652 176 1676 ΝΕ.
186 1652 242 1675 ΣΩ.
252 1648 352 1679 Ποίαςς
368 1651 416 1674 ΞΕ.
425 1646 475 1682 Τῆς
488 1657 522 1678 ως
535 1648 718 1696 πολεμητέον
705 1645 824 1678 εκάστοις
838 1651 876 1678 οἱς
890 1646 921 1674 ‹¹1¹›

125 1688 300 1727 προελωμεθα
315 1691 442 1726 πολεμεῖν,
459 1691 508 1716 εἴτε
525 1687 603 1723 αὐτὴν
618 1687 726 1724 ἄτεχνον
740 1692 790 1717 εἴτε
806 1690 921 1724 ἔντεχνον

127 1731 243 1770 ἐροῦμενς
269 1737 320 1759 ΝΕ.
339 1736 395 1759 ΣΩ.
413 1731 468 1759 Και
485 1731 540 1762 πῶς
558 1730 589 1759 ἂν
608 1730 715 1766 ἄτεχνον
730 1732 920 1768 διανοηθεῖμεν,

125 1773 156 1810 ἣν
168 1786 198 1812 γε
215 1772 230 1809 ἦ
246 1773 401 1811 στρατηγικὴ
415 1774 459 1801 καὶ
472 1774 548 1802 πᾶσα
561 1786 576 1808 η
590 1773 713 1810 πολεμικὴ
726 1774 820 1812 πρᾶξις
836 1772 920 1811 πράτ-

127 1828 175 1850 τει,-
203 1820 251 1845 ΞΕ.
269 1816 320 1852 Την
336 1814 360 1843 6
377 1819 426 1844 εἴτε
441 1818 599 1853 πολεμητέον
613 1819 662 1844 εἶτε
678 1816 719 1843 διὰ
735 1818 820 1853 φιλίας
835 1815 919 1844 ἀπαλ-

127 1860 232 1887 λακτέον
246 1859 305 1887 οἵαν
318 1869 346 1886 τε
361 1858 404 1886 καὶ
419 1857 577 1895 ἐπιστήμονα
593 1858 843 1908 διαβουλεύσασθαι,
858 1857 920 1887 ταύ-

127 1912 170 1936 της
187 1903 275 1938 ἑτέραν
290 1899 492 1938 υπολαβωμεν’“
477 1913 493 1936 η
510 1900 555 1936 τὴν
573 1899 652 1936 αυτὴν
670 1913 763 1938 ταυτῃς
796 1907 847 1929 ΝΕ.
866 1906 921 1929 ΣΩ.

129 1946 190 1974 Τοῖς
215 1942 338 1980 πρόσθεν
365 1941 508 1981 ἀναγκαῖον
530 1945 693 1980 ἑπομένοισιν
711 1945 806 1981 ἑτέραν.
833 1948 846 1961 ¹¹
873 1948 921 1971 ΞΕ.

130 1984 228 2014 Οὐκοῦν
247 1984 380 2023 α’ρχουσαν
396 1996 490 2020 ταυτης
508 1984 586 2020 αὐτὴν
605 1983 828 2023 ἀποφανούμεθα,
851 1988 922 2023 εἴπερ

128 2031 183 2059 τοῖς
205 2028 357 2066 ἔμπροσθέν
377 2039 407 2077 γε
427 2028 626 2068 υποληψομεθα
645 2026 752 2065 ὁμοίως
796 2034 846 2056 ΝΕ.
865 2033 921 2056 ΣΩ.

132 2071 206 2107 Φημί.
258 2075 306 2099 ΞΕ.
335 2068 385 2098 Τίν
405 2070 451 2098 οὖν
475 2073 541 2098 ποτὲ
566 2082 609 2098 και
636 2069 830 2108 ἐπιχειρήσομεν
855 2069 922 2099 ου’τω

130 2112 208 2148 δεινῆς
225 2113 268 2140 καὶ
284 2111 395 2151 μεγάλης
409 2115 495 2148 τέχνης
512 2112 648 2150 ξυμπασης
665 2124 709 2161 της
725 2113 871 2163 πολεμικῆς
881 2113 921 2141 δε-

131 2153 223 2183 σπότιν
249 2152 450 2191 αποφαίνεσθαι
475 2154 540 2190 πλην
561 2167 589 2193 γε
616 2155 642 2190 51¹7
664 2156 709 2190 τὴν
735 2154 815 2187 ὅντως
841 2167 924 2183 ουσαν

132 2195 274 2234 βασιλικήνς
317 2203 367 2225 ΝΕ,
386 2202 441 2225 ΣΩ.
460 2196 585 2234 Οὑδεμιάν
604 2195 687 2232 α’λλην,
732 2203 780 2225 ΞΕ.
801 2196 853 2226 Οὔκ
872 2196 923 2235 α’ρα

131 2238 260 2274 πολιτικήν
284 2251 314 2277 γε
341 2238 473 2276 θήσομεν,
504 2238 656 2277 ὑπηρετικὴν
682 2234 776 2272 οὖσαν,
804 2239 849 2275 τὴν
875 2240 925 2268 τῶν

132 2281 281 2320 στρατηγῶν
308 2280 454 2318 ἐπιστήμην.
498 2287 549 2309 ΝΕ.
571 2287 627 2309 ΣΩ.
653 2280 704 2310 Οὐκ
728 2281 802 2313 εἰκός.
846 2287 894 2311 ΞΕ,
919 2288 923 2302 ¹

127 2321 182 2352 ’'Rh
199 2323 236 2358 δή,
254 2324 297 2351 καὶ
314 2323 359 2359 τὴν
376 2324 426 2351 τῶν
444 2323 571 2352 δικαστῶν
588 2323 639 2352 τῶν
661 2322 751 2361 ὀρθῶς
773 2323 925 2357 δικαζοντων

129 2365 302 2418 θεασωμεθα
317 2365 429 2402 δυναμιν.
476 2371 527 2393 ΝΕ.
545 2371 602 2393 ΣΩ.
619 2365 698 2394 Πάνυ
713 2369 760 2404 μὲν
779 2368 831 2395 oin.
876 2371 923 2395 ΞΕ.

129 2402 179 2457 Λρ
199 2408 244 2436 οὖν
263 2409 303 2435 ἐπὶ
321 2410 399 2436 πλέον
416 2420 439 2435 τι
458 2406 564 2436 δυναται
581 2409 628 2436 τοῦ
645 2409 704 2445 περὶ
721 2409 753 2437 τὰ
772 2408 923 2446 ξυμβολαια,

130 2448 213 2478 πάνθ’
231 2449 319 2478 ὁπόσα
335 2453 415 2478 κεῖται
430 2449 524 2487 νόμιμα
542 2450 615 2487 παρὰ
633 2454 784 2487 νομοθέτου
802 2452 924 2487 βασιλέως

131 2493 334 2530 παραλαβοῦσα,
357 2494 448 2529 κρίνειν
468 2492 505 2523 εἰς
527 2495 608 2520 ἐκεῖνα
631 2493 770 2521 σκοποῦσα
788 2506 821 2521 τα
840 2505 866 2521 τε
885 2494 922 2521 δί-

131 2546 190 2562 καια
208 2537 341 2570 ταχθέντα
358 2532 423 2563 εἶναι
444 2534 488 2562 καὶ
506 2533 593 2567 ἄδικα,
616 2534 661 2569 τὴν
683 2534 759 2570 αὐτῆς
777 2536 844 2563 ἰδίαν
862 2534 921 2573 ἀρε-

131 2576 176 2612 τὴν
192 2579 353 2614 παρεχομένη
370 2577 417 2605 τοῦ
433 2574 499 2613 μήθ’
519 2575 572 2604 {md
590 2588 664 2604 τινων
681 2577 769 2615 δώρων
784 2576 850 2615 μήθ’
869 2576 921 2606 {md

131 2618 220 2655 φόβων
235 2618 297 2655 μήτε
316 2621 406 2646 οἴκτων
422 2616 488 2655 μήθ’
506 2617 560 2646 ὑπό
577 2629 645 2649 τινος
664 2618 739 2655 ἄλλης
757 2621 857 2658 ἔχθρας
872 2633 921 2657 μη-

132 2661 159 2689 δὲ
173 2662 258 2697 φιλίας
276 2666 280 2681 ¹
296 2659 441 2696 ἡττηθεῖσα
462 2660 536 2698 παρὰ
557 2660 603 2696 τὴν
619 2660 666 2689 τοῦ
684 2665 834 2699 νομοθέτου
852 2661 924 2694 τάξιν

132 2704 230 2731 ἐθέλειν
249 2701 280 2730 ἂν
297 2703 329 2730 τὰ
349 2701 459 2738 αλλήλων
477 2702 620 2739 ἐγκλήματα
639 2704 756 2742 διαιρεῖνς
800 2710 851 2732 ΝΕ.
867 2710 922 2732 ΣΩ.

1707 174 1756 198 283

967 253 1029 287 Οὔκ,
1053 252 1117 282 ἀλλὰ
1140 253 1232 289 σχεδὸν
1250 253 1316 282 ὅσον
1332 257 1444 291 ω’ρηκας,
1467 263 1560 288 ταυτης
1577 253 1630 280 εστὶ
1649 251 1692 287 τῆς
1709 251 1753 279 δυ-

964 307 1061 333 ναμεως
1081 297 1163 334 ἔργον.
1207 301 1255 324 ΞΕ.
1273 297 1328 324 Καὶ
1350 296 1394 330 τὴν
1415 296 1465 323 τῶν
1487 294 1613 323 δικαστῶν
1635 293 1685 331 ἄρα
1703 292 1753 331 ῥώ-

962 351 1012 375 μην
1038 336 1220 375 ανευρίσκομεν
1246 350 1277 366 ου
1303 337 1433 374 βασιλικὴν
1459 338 1553 369 οὖσαν,
1582 335 1645 363 ἀλλὰ
1671 334 1757 372 νόμων

963 380 1066 417 φύλακα
1084 381 1127 408 καὶ
1143 379 1263 417 υπηρέτιν
1280 381 1379 415 ἐκείνης.
1415 385 1464 407 ΝΕ.
1483 384 1538 407 ΣΩ.
1552 377 1634 407 'Fetus'
1650 389 1687 416 γε.
1710 383 1754 405 ΞΕ.

966 422 1031 451 Τόδε
1050 422 1079 457 δὴ
1097 424 1269 457 κατανοητέον
1286 421 1364 450 ιδόντι
1386 420 1538 453 ξυναπασας
1558 420 1605 452 τὰς
1625 420 1756 469 εἰρημένας

966 464 1117 514 ἐπιστήμας,
1145 463 1185 492 ὅτι
1206 463 1321 498 πολιτική
1342 475 1371 501 γε
1394 462 1477 491 αυτῶν
1489 461 1607 512 οὐδεμία
1635 460 1756 498 ἀνεφανη.

966 507 1010 543 τὴν
1026 506 1078 545 γὰρ
1096 505 1176 555 ὄντως
1193 518 1276 534 ουσαν
1293 506 1424 542 βασιλικὴν
1443 512 1446 526 ¹
1466 517 1512 534 ουκ
1529 505 1606 540 αὐτὴν
1621 505 1658 533 δεῖ
1671 503 1755 541 πρατ-

965 561 1023 582 τειν,
1043 546 1094 576 αλλ’
1115 546 1202 585 α’ρχειν
1218 548 1268 576 τῶν
1286 549 1428 599 δυναμένων
1446 546 1574 584 πράττειν,
1596 557 1754 585 γιγνωσκου-

965 603 1016 619 σαν
1040 590 1086 626 τὴν
1112 588 1191 627 ἀρχήν
1212 601 1239 618 τε
1260 590 1304 617 καὶ
1325 588 1406 641 ὁρμὴν
1427 589 1477 617 τῶν
1497 591 1624 641 μεγίστων
1650 592 1676 616 ἐν
1700 591 1757 619 ταῖς

963 632 1070 661 πόλεσιν
1092 633 1221 670 ἑγκαιρίας
1237 643 1264 660 τε
1281 634 1339 669 πέρι
1356 632 1398 659 καὶ
1417 630 1545 668 ἀκαιρίας,
1568 630 1614 662 τὰς
1635 628 1659 658 δ
1680 629 1757 661 ἄλλας

964 675 996 703 τὰ
1014 676 1214 712 προςταχθέντα
1233 673 1303 711 δρᾶν.
1347 679 1397 701 ΝΕ.
1415 678 1470 700 ΣΩ.
1488 672 1595 710 Ορθῶς.
1639 678 1688 700 ΞΕ.
1708 671 1758 699 Διὰ

965 718 1046 745 ταῦτα
1070 715 1133 753 ἄρα,
1157 714 1187 746 ἅς
1207 718 1253 753 μὲν
1272 714 1329 753 ἄρτι
1347 714 1544 752 διεληλύθαμεν,
1568 714 1626 743 οὔτε
1646 712 1758 749 ἀλλήλων

965 757 1027 807 οὗθ’
1049 757 1132 786 αὖτῶν
1137 756 1290 817 Εἄρχουσαι,
1313 758 1371 795 περὶ
1393 758 1420 785 δέ
1436 769 1492 785 τινα
1511 757 1577 784 ἰδίαν
1595 755 1672 791 αὐτῆς
1690 751 1757 784 οὖσα

965 800 1060 836 ἑκαστη
1078 800 1182 837 πρᾶξιν,
1205 799 1271 827 κατὰ
1293 799 1338 835 τὴν
1361 798 1474 834 ἰδιότητα
1493 799 1543 827 τῶν
1560 797 1679 835 πραξεων
1696 810 1757 826 του·

966 856 1033 881 νομα
1051 844 1152 873 δικαίως
1173 844 1274 878 εἴληφεν
1296 843 1367 870 ι’διον.
1396 847 1400 861 ¹
1428 847 1478 869 NE.
1497 846 1552 868 ΣΩ.
1572 843 1664 872 Είξασι
1687 840 1757 878 γοῦν.

966 891 1014 915 ΞΕ.
1034 885 1085 921 Την
1103 885 1130 912 δὲ
1149 882 1259 912 ἆπασῶν
1276 896 1302 912 τε
1320 883 1419 912 τούτων
1437 882 1571 920 ἄρχουσαν
1585 883 1628 911 καὶ
1646 883 1695 910 τῶν
1713 881 1757 910 νό-

965 940 1020 966 μων
1037 940 1080 956 και
1097 926 1251 964 ξυμπαντων
1267 927 1318 954 τῶν
1335 925 1401 954 κατὰ
1416 925 1492 953 πόλιν
1510 927 1703 962 ἐπιμελουμένην
1718 925 1760 952 καὶ

967 983 1053 998 παντα
1072 971 1279 1005 ξυνυφαίνουσαν
1301 966 1453 1006 ορθότατα,
1476 967 1523 996 τοῦ
1545 967 1633 996 κοινοῦ
1651 967 1682 1004 τῇ
1699 965 1758 1002 κλή-

968 1025 1008 1041 σει
1025 1011 1206 1050 περιλαβόντες
1222 1011 1268 1046 τὴν
1290 1010 1395 1048 δυναμιν
1413 1008 1501 1046 αὐτῆς,
1526 1007 1761 1058 προςαγορεύοιμεν

968 1053 1105 1083 δικαιότατ
1126 1052 1170 1086 ἂν,
1196 1052 1231 1085 ὦς
1252 1065 1328 1085 εοικε,
1355 1051 1492 1087 πολιτικήν.
1536 1057 1587 1080 ΝΕ.
1610 1057 1665 1079 ΣΩ.
1683 1050 1761 1079 Πάνυ

966 1099 1013 1133 μὲν
1035 1097 1088 1125 οὐν.
1132 1101 1217 1123 XLIV.
1235 1101 1284 1124 ΞΕ.
1305 1093 1404 1124 Οὐκοῦν
1426 1094 1455 1130 δὴ
1476 1094 1543 1122 κατὰ
1564 1093 1595 1122 τὸ
1616 1094 1660 1129 τῆς
1675 1092 1759 1129 ὕφαν-

968 1138 1036 1174 τικῆς
1052 1137 1217 1176 παράδειγμα
1236 1135 1386 1188 βουλοίμεθ
1404 1136 1436 1165 ἂν
1454 1139 1603 1169 ἐπεξελθεῖν
1619 1134 1696 1170 αὐτὴν
1711 1135 1762 1167 νῦν,

969 1181 1011 1210 ὅτε
1029 1194 1072 1209 και
1089 1193 1175 1208 παντα
1197 1180 1229 1208 τὰ
1250 1182 1310 1218 γε’νη
1332 1179 1363 1207 τὰ
1385 1178 1452 1207 κατὰ
1470 1178 1546 1207 πόλιν
1564 1178 1625 1214 δῆλα
1643 1177 1702 1215 ἡμῖν
1719 1180 1762 1216 γε’-

968 1235 1041 1262 γονε;
1085 1229 1134 1251 ΝΕ.
1154 1228 1208 1250 ΣΩ.
1226 1223 1282 1250 1va
1300 1221 1403 1259 σφόδρα
1421 1234 1457 1260 γε.
1501 1226 1549 1250 ΞΕ.
1569 1220 1620 1255 Τὴν
1639 1220 1668 1255 δὴ
1687 1220 1761 1256 βασι-

968 1266 1037 1301 λικὴν
1055 1263 1211 1303 συμπλοκην,
1231 1264 1264 1295 ὡς
1282 1266 1354 1297 ἔοικε,
1373 1268 1386 1281 *
1403 1266 1510 1296 λεκτέον,
1529 1265 1593 1291 ποία
1612 1261 1631 1291 τ’
1650 1263 1704 1290 ἐστι
1721 1262 1764 1290 καὶ

969 1310 1016 1336 τίνι
1042 1307 1130 1346 τρόπῳ
1153 1309 1335 1344 συμπλέκουσα
1357 1310 1436 1340 ποῖον
1456 1304 1516 1343 ἡμῖν
1536 1305 1647 1343 ὕφασμα
1670 1303 1762 1333 ἀποδί-

969 1352 1040 1379 δωσι.
1084 1355 1134 1378 NE.
1153 1355 1209 1377 ΣΩ.
1226 1349 1318 1385 Δῆλον.
1359 1353 1407 1377 ΞΕ.
1419 1342 1582 1384 ἳΗχαλεπὸν
1597 1348 1764 1379 ἐνδείξασθαι

969 1394 1077 1431 πρᾶγμα
1106 1391 1248 1439 ἀναγκαῖον
1276 1404 1327 1429 αρα
1352 1393 1468 1429 γέγονεν,
1491 1389 1524 1422 ὦς
1545 1392 1670 1439 φαίνεται.
1714 1395 1764 1417 ΝΕ.

970 1441 1025 1463 ΣΩ
1043 1434 1155 1466 Παντως
1171 1446 1201 1472 γε
1217 1434 1267 1471 μὴν
1284 1435 1380 1472 ῥητέον.
1424 1438 1472 1461 Ξ.Ε
1492 1432 1527 1461 Τὸ
1545 1433 1597 1471 γὰρ
1614 1430 1703 1470 αρετῆς
1718 1433 1763 1469 με’-

970 1489 1016 1515 ρος
1034 1476 1124 1515 ἆρετης
1141 1478 1201 1505 εἴδει
1219 1475 1346 1514 διαφορον
1364 1477 1429 1503 εἰναί
1445 1487 1501 1503 τινα
1519 1473 1618 1512 τρόπον
1635 1477 1690 1505 τοῖς
1707 1474 1766 1522 περὶ

971 1519 1064 1558 λόγους
1086 1518 1309 1556 ἆμφιςβητητικοῖς
1327 1519 1370 1545 καὶ
1386 1516 1444 1555 μαλ
1465 1516 1620 1546 εὐεπίθετον
1637 1515 1703 1554 πρὸς
1720 1515 1766 1547 τὰς

970 1563 1021 1591 τῶν
1046 1562 1148 1590 πολλῶν
1175 1561 1260 1593 δόξας.
1313 1566 1362 1588 N.E
1390 1566 1445 1588 ΣΩ.
1475 1558 1526 1588 Ουκ
1554 1560 1664 1596 ἔμαθον.
1718 1563 1766 1587 ΞΕ.

970 1603 1031 1633 Λλλ
1051 1601 1100 1633 ὦδε
1126 1602 1210 1631 πάλιν.
1238 1602 1356 1641 ἀνδρείαν
1380 1602 1431 1641 γὰρ
1459 1600 1531 1640 οἶμαί
1556 1613 1586 1630 σε
1611 1599 1739 1639 ἡγεῖσθαι
1762 1606 1765 1620 ¹

970 1650 1047 1684 μέρος
1065 1659 1090 1675 εν
1108 1645 1199 1683 ἀρετῆς
1215 1644 1275 1683 ἡμῖν
1291 1649 1363 1674 εἶναι.
1408 1650 1457 1672 NE.
1477 1650 1532 1672 ΣΩ.
1550 1642 1629 1671 Πανυ
1645 1655 1682 1681 γε.
1718 1648 1766 1671 ΞΕ.

971 1690 1026 1717 Καὶ
1046 1688 1097 1726 μὴν
1120 1687 1291 1737 σωφροσύνην
1311 1699 1350 1729 γε
1364 1685 1481 1736 ανδρείας
1500 1689 1547 1724 μὲν
1568 1687 1665 1723 ἕτερον,
1693 1685 1718 1713 ἓν
1740 1683 1765 1711 6

973 1744 1019 1760 ουν
1045 1744 1088 1759 και
1113 1732 1192 1759 τοῦτο
1218 1730 1311 1768 μόριον
1337 1731 1365 1765 ἧς
1391 1728 1502 1757 κάκεῖνο.
1545 1734 1596 1756 ΝΕ.
1624 1733 1679 1755 ΣΩ
1704 1728 1767 1754 Ναί.

972 1778 1020 1802 ΞΕ
1041 1772 1145 1802 Τουτων
1164 1772 1194 1808 δὴ
1211 1775 1269 1810 πέρι
1291 1770 1452 1809 θαυμαστόν
1473 1783 1528 1799 τινα
1551 1770 1631 1809 λόγον
1649 1768 1766 1806 ἀποφαί-

972 1819 1071 1844 νεσθαι
1088 1817 1234 1853 τολμητέον
1278 1820 1329 1843 NE.
1349 1820 1404 1842 ΣΩ.
1422 1817 1522 1847 Ποῖονς
1566 1818 1614 1842 ΞΕ.
1630 1811 1675 1844 Ὡς
1693 1811 1769 1840 ἐστὸν

972 1858 1039 1887 κατὰ
1061 1857 1091 1894 δή
1112 1870 1169 1886 τινα
1191 1856 1290 1895 τρόπον
1311 1857 1340 1885 εὐ
1360 1856 1430 1894 μαλα
1452 1856 1520 1894 πρὸς
1542 1853 1650 1891 ἀλλήλας
1669 1855 1770 1903 ἔχθραν

972 1902 1016 1929 καὶ
1043 1900 1137 1929 στάσιν
1164 1901 1280 1928 ἐναντίαν
1307 1900 1393 1935 ἔχοντε
1420 1903 1446 1927 ἐν
1471 1900 1578 1929 πολλοῖς
1603 1897 1654 1926 τῶν
1681 1896 1768 1945 ὄντων.

973 1949 1024 1972 ΝΕ.
1043 1949 1098 1971 ΣΩ.
1117 1943 1181 1974 Πῶς
1202 1944 1307 1991 λέγειςς
1337 1947 1384 1969 ΞΕ.
1407 1939 1458 1970 Ουκ
1479 1939 1598 1969 εἰωθότα
1620 1938 1700 1977 λόγον
1722 1937 1768 1967 οὗ-

974 1986 1070 2023 δαμῶς·
1092 1984 1179 2013 πάντα
1201 1984 1252 2022 γὰρ
1276 1984 1321 2012 οὖν
1343 1983 1373 2018 δὴ
1392 1982 1508 2018 ἀλληλοις
1524 1995 1556 2011 τα
1573 1994 1603 2021 γε
1621 1981 1665 2017 τῆς
1684 1987 1687 2002 ¹
1708 1979 1768 2018 ἇρε-

973 2028 1018 2063 τῆς
1041 2026 1121 2065 μόρια
1148 2028 1247 2065 λέγεταί
1271 2039 1323 2054 που
1346 2028 1425 2062 φίλια.
1469 2031 1519 2053 ΝΕ.
1538 2030 1594 2053 ΣΩ.
1616 2025 1678 2052 Ναί.
1722 2028 1769 2052 ΞΕ.

973 2070 1118 2107 Σκοπῶμεν
1136 2069 1166 2104 δὴ
1182 2067 1356 2106 προςσχόντες
1372 2068 1419 2097 τὸν
1435 2068 1497 2096 νοῦν
1517 2068 1545 2096 εὖ
1561 2066 1640 2105 μαλα,
1658 2064 1772 2103 πότερον

976 2112 1056 2144 ου’τως
1083 2111 1182 2140 απλοῦν
1209 2115 1263 2139 ἐστι
1290 2111 1380 2143 τοῦτο,
1407 2109 1424 2146 ἢ
1444 2109 1543 2141 παντὸς
1562 2109 1662 2147 μᾶλλον
1686 2106 1770 2136 αυτῶν

976 2156 1035 2190 ἔχον
1057 2153 1186 2203 διαφορὰν
1208 2157 1262 2184 τοῖς
1284 2155 1430 2191 ξυγγενέσιν
1453 2154 1508 2180 ἐστι’
1529 2156 1601 2185 *τι*;
1645 2156 1696 2179 ΝΕ.
1715 2155 1770 2178 ΣΩ.

977 2199 1045 2229 Ναί,
1067 2199 1150 2235 λέγοις
1169 2194 1207 2228 α’ν,
1225 2196 1262 2232 πῇ
1286 2198 1418 2224 σκεπτέον.
1461 2200 1509 2223 ΞΕ.
1526 2192 1566 2222 Εν
1584 2197 1638 2225 τοῖς
1655 2191 1771 2230 ξύμπασι

973 2239 1022 2277 χρὴ
1041 2241 1121 2275 ζητεῖν
1139 2237 1191 2266 ὅσα
1210 2237 1275 2265 καλὰ
1292 2240 1339 2275 μὲν
1356 2239 1469 2276 λέγομεν,
1488 2237 1524 2268 εἷς
1541 2236 1587 2265 δύο
1606 2234 1630 2263 δ’
1649 2233 1714 2263 αὐτὰ
1732 2236 1770 2262 τί-

976 2285 1059 2319 θεμεν
1077 2282 1177 2309 ἐναντία
1200 2278 1313 2315 ἆλληλων
1334 2281 1395 2315 είδη.
1438 2285 1490 2307 ΝΕ.
1508 2284 1563 2307 ΣΩ.
1581 2276 1641 2316 Λέγ
1663 2279 1698 2305 ἔτι
1720 2289 1770 2305 σα-

975 2326 1109 2361 φέστερον.
1152 2327 1200 2351 ΞΕ.
1217 2320 1340 2357 Οξυτητα
1357 2323 1402 2350 καὶ
1418 2321 1505 2357 τάχος,
1527 2324 1577 2350 εἴτε
1595 2319 1661 2348 κατὰ
1680 2318 1770 2356 σώμα-

975 2379 1007 2394 τα
1026 2369 1075 2394 alre
1101 2369 1127 2393 ἐν
1147 2368 1245 2402 ’ψυχαῖς
1266 2367 1316 2393 ειτε
1333 2364 1399 2393 κατὰ
1416 2364 1503 2401 φωνῆς
1522 2370 1526 2384 ¹
1545 2375 1639 2401 φοραν,
1657 2365 1707 2390 εἴτε
1723 2359 1769 2388 αἴ-

975 2409 1026 2436 miv
1043 2419 1141 2436 τουτων
1158 2405 1200 2435 εἰτ’
1219 2410 1245 2435 ἐν
1259 2405 1400 2438 εἰδώλοις
1391 2405 1480 2439 όντων,
1499 2405 1588 2434 ὁπόσα
1602 2404 1713 2442 μουσικὴ
1727 2416 1769 2440 μι-

974 2453 1086 2488 μουμένη
1104 2450 1147 2477 καὶ
1166 2451 1201 2477 ἔτι
1217 2449 1329 2487 γραφικὴ
1350 2461 1484 2498 μιμηματα
1505 2451 1655 2485 παρέχεται,
1674 2445 1772 2474 τούτων

976 2493 1046 2541 τινος
1062 2494 1193 2527 ἐπαινέτης
1209 2494 1259 2519 ειτε
1277 2490 1356 2523 αὐτὸς
1371 2503 1478 2520 πωποτε
1494 2493 1605 2529 γέγονας
1626 2492 1675 2517 εἶτε
1694 2487 1772 2515 α’λλου

972 2534 1066 2576 παρών
1084 2533 1251 2565 ἐπαινοῦντος
1267 2533 1402 2570 ίη’σθησοεις
1438 2539 1489 2562 ΝΕ.
1508 2538 1563 2561 ΣΩ
1583 2533 1614 2560 Τί
1629 2543 1691 2568 μηνς
1724 2535 1772 2558 ΞΕ.

976 2577 1009 2604 ’H
1028 2577 1071 2604 καὶ
1091 2575 1190 2613 μνήμην
1213 2577 1275 2611 ἔχεις
1296 2575 1383 2605 ὅντινα
1409 2574 1509 2614 τρόπον
1536 2573 1599 2602 αὐτὸ
1627 2573 1721 2613 δρῶσιν
1748 2576 1773 2599 ἐν

976 2618 1094 2649 ἑκαστοις
1116 2630 1226 2651 τουτωνς
1270 2624 1320 2646 NE.
1339 2624 1394 2646 ΣΩ.
1416 2616 1547 2655 Ουδαμῶς.
1592 2621 1639 2644 ΞΕ
1659 2612 1706 2651 Ἀρ
1728 2626 1774 2642 ουν

976 2660 1085 2692 δυνατὸς
1111 2658 1175 2689 αὐτὸ
1203 2659 1235 2688 ἄν
1259 2662 1390 2699 γενοίμην,
1423 2659 1505 2697 ω’ςπερ
1536 2671 1579 2686 και
1611 2656 1772 2703 διανοοῦμαι,

976 2703 1017 2731 διὰ
1044 2701 1129 2740 λόγων
1152 2703 1321 2734 ἐνδείξασθαί
1341 2715 1398 2736 σοι,-
1446 2708 1496 2729 ΝΕ.
1520 2706 1575 2728 ΣΩ.
1600 2702 1630 2728 Τί
1651 2697 1674 2727 6
1700 2704 1704 2718 ¹
1728 2698 1772 2731 ους

1443 2751 1496 2774 36²⁸

1786 1267 1821 1285 306

1798 2703 1817 2722 Ε
