<?xml version="1.0" encoding="UTF-8"?>
<!DOCTYPE html PUBLIC "-//W3C//DTD XHTML 1.0 Transitional//EN"
    "http://www.w3.org/TR/xhtml1/DTD/xhtml1-transitional.dtd">
<html xmlns="http://www.w3.org/1999/xhtml" xml:lang="en" lang="en">
 <head>
  <title>
</title>
<meta http-equiv="Content-Type" content="text/html;charset=utf-8" />
  <meta name='ocr-system' content='tesseract 3.04.00' />
  <meta name='ocr-capabilities' content='ocr_page ocr_carea ocr_par ocr_line ocrx_word'/>
</head>
<body>
  <div class='ocr_page' id='page_1' title='image "./operaomniaunovol00platuoft/operaomniaunovol00platuoft_0353.png"; bbox 0 0 1998 3084; ppageno 0'>
   <div class='ocr_carea' id='block_1_1' title="bbox 10 706 161 925">
    <p class='ocr_par' dir='ltr' id='par_1_1' title="bbox 10 706 161 925">
     <span class='ocr_line' id='line_1_1' title="bbox 10 706 161 925; textangle 90"><span class='ocrx_word' id='word_1_1' title='bbox 10 706 161 925; x_wconf 94' lang='lat' dir='ltr'><em>Q</em></span> 
     </span>
    </p>
   </div>
   <div class='ocr_carea' id='block_1_2' title="bbox 26 955 62 1020">
    <p class='ocr_par' dir='ltr' id='par_1_2' title="bbox 26 955 62 1020">
     <span class='ocr_line' id='line_1_2' title="bbox 26 955 62 1020; textangle 90"><span class='ocrx_word' id='word_1_2' title='bbox 26 955 62 1020; x_wconf 56' lang='grc' dir='ltr'><em>Δ,</em></span> 
     </span>
    </p>
   </div>
   <div class='ocr_carea' id='block_1_3' title="bbox 39 2527 72 2546">
    <p class='ocr_par' dir='ltr' id='par_1_3' title="bbox 39 2527 72 2546">
     <span class='ocr_line' id='line_1_3' title="bbox 39 2527 72 2546; baseline 0 0"><span class='ocrx_word' id='word_1_3' title='bbox 39 2527 72 2546; x_wconf 73' lang='grc'><em>129</em></span> 
     </span>
    </p>
   </div>
   <div class='ocr_carea' id='block_1_4' title="bbox 597 169 1168 197">
    <p class='ocr_par' dir='ltr' id='par_1_4' title="bbox 597 169 1168 197">
     <span class='ocr_line' id='line_1_4' title="bbox 597 169 1168 197; baseline 0.004 -3"><span class='ocrx_word' id='word_1_4' title='bbox 597 169 656 194; x_wconf 91' lang='lat' dir='ltr'><em>DE</em></span> <span class='ocrx_word' id='word_1_5' title='bbox 697 169 1029 196; x_wconf 82' lang='lat' dir='ltr'>REPUBLICA</span> <span class='ocrx_word' id='word_1_6' title='bbox 1070 171 1168 197; x_wconf 86' lang='lat' dir='ltr'>LIB.</span> 
     </span>
    </p>
   </div>
   <div class='ocr_carea' id='block_1_5' title="bbox 95 244 897 2728">
    <p class='ocr_par' dir='ltr' id='par_1_5' title="bbox 95 244 897 2728">
     <span class='ocr_line' id='line_1_5' title="bbox 107 244 895 284; baseline 0 -9"><span class='ocrx_word' id='word_1_7' title='bbox 107 248 204 284; x_wconf 67' lang='grc' dir='ltr'><em>ἴδωμεν,</em></span> <span class='ocrx_word' id='word_1_8' title='bbox 222 246 275 274; x_wconf 76' lang='grc' dir='ltr'><em>ποῦ</em></span> <span class='ocrx_word' id='word_1_9' title='bbox 291 244 348 274; x_wconf 73' lang='grc' dir='ltr'><em>ποτ’</em></span> <span class='ocrx_word' id='word_1_10' title='bbox 369 245 400 273; x_wconf 76' lang='grc' dir='ltr'><em>ἂν</em></span> <span class='ocrx_word' id='word_1_11' title='bbox 416 249 454 280; x_wconf 77' lang='grc' dir='ltr'><em>εἴη</em></span> <span class='ocrx_word' id='word_1_12' title='bbox 471 245 486 281; x_wconf 81' lang='grc' dir='ltr'><em>ἡ</em></span> <span class='ocrx_word' id='word_1_13' title='bbox 504 246 652 282; x_wconf 79' lang='grc' dir='ltr'><em>δικαιοσύνη</em></span> <span class='ocrx_word' id='word_1_14' title='bbox 673 248 716 275; x_wconf 80' lang='grc' dir='ltr'><em>καὶ</em></span> <span class='ocrx_word' id='word_1_15' title='bbox 737 247 789 276; x_wconf 78' lang='grc' dir='ltr'><em>ποῦ</em></span> <span class='ocrx_word' id='word_1_16' title='bbox 806 246 821 282; x_wconf 82' lang='grc' dir='ltr'><em>ἧ</em></span> <span class='ocrx_word' id='word_1_17' title='bbox 840 246 895 275; x_wconf 83' lang='grc' dir='ltr'><em>ἆδι-</em></span> 
     </span>
     <span class='ocr_line' id='line_1_6' title="bbox 106 286 895 327; baseline 0.001 -10"><span class='ocrx_word' id='word_1_18' title='bbox 106 291 160 321; x_wconf 82' lang='grc' dir='ltr'><em>κία,</em></span> <span class='ocrx_word' id='word_1_19' title='bbox 182 290 225 316; x_wconf 78' lang='grc' dir='ltr'><em>καὶ</em></span> <span class='ocrx_word' id='word_1_20' title='bbox 242 290 267 316; x_wconf 89' lang='grc' dir='ltr'><em>τί</em></span> <span class='ocrx_word' id='word_1_21' title='bbox 284 286 399 323; x_wconf 72' lang='grc' dir='ltr'><em>ἀλλήλοιν</em></span> <span class='ocrx_word' id='word_1_22' title='bbox 418 289 578 325; x_wconf 76' lang='grc' dir='ltr'><strong><em>διαφέρετον,</em></strong></span> <span class='ocrx_word' id='word_1_23' title='bbox 601 290 644 316; x_wconf 78' lang='grc' dir='ltr'><em>καὶ</em></span> <span class='ocrx_word' id='word_1_24' title='bbox 665 289 777 327; x_wconf 81' lang='grc' dir='ltr'><em>πότερον</em></span> <span class='ocrx_word' id='word_1_25' title='bbox 799 291 838 318; x_wconf 79' lang='grc' dir='ltr'><em>δεῖ</em></span> <span class='ocrx_word' id='word_1_26' title='bbox 853 301 895 318; x_wconf 83' lang='grc' dir='ltr'><em>κε-</em></span> 
     </span>
     <span class='ocr_line' id='line_1_7' title="bbox 105 327 894 367; baseline -0.001 -8"><span class='ocrx_word' id='word_1_27' title='bbox 105 330 222 366; x_wconf 77' lang='grc' dir='ltr'><em>κτῆσθαι</em></span> <span class='ocrx_word' id='word_1_28' title='bbox 239 329 284 358; x_wconf 85' lang='grc' dir='ltr'><em>τὸν</em></span> <span class='ocrx_word' id='word_1_29' title='bbox 299 331 423 367; x_wconf 81' lang='grc' dir='ltr'><em>μέλλοντα</em></span> <span class='ocrx_word' id='word_1_30' title='bbox 440 327 579 367; x_wconf 64' lang='grc' dir='ltr'><em>εὐδαίμονα</em></span> <span class='ocrx_word' id='word_1_31' title='bbox 597 330 668 363; x_wconf 77' lang='grc' dir='ltr'><em>εἶναι,</em></span> <span class='ocrx_word' id='word_1_32' title='bbox 688 330 732 360; x_wconf 75' lang='grc' dir='ltr'><em>ἐάν</em></span> <span class='ocrx_word' id='word_1_33' title='bbox 749 343 776 360; x_wconf 80' lang='grc' dir='ltr'><em>τε</em></span> <span class='ocrx_word' id='word_1_34' title='bbox 791 331 894 360; x_wconf 76' lang='grc' dir='ltr'><em>λανθά-</em></span> 
     </span>
     <span class='ocr_line' id='line_1_8' title="bbox 106 371 895 411; baseline 0.003 -11"><span class='ocrx_word' id='word_1_35' title='bbox 106 384 137 410; x_wconf 80' lang='grc' dir='ltr'><em>νῃ</em></span> <span class='ocrx_word' id='word_1_36' title='bbox 155 371 199 400; x_wconf 76' lang='grc' dir='ltr'><em>ἐάν</em></span> <span class='ocrx_word' id='word_1_37' title='bbox 216 383 243 400; x_wconf 81' lang='grc' dir='ltr'><em>τε</em></span> <span class='ocrx_word' id='word_1_38' title='bbox 258 371 293 409; x_wconf 88' lang='grc' dir='ltr'><em>μὴ</em></span> <span class='ocrx_word' id='word_1_39' title='bbox 309 382 410 402; x_wconf 88' lang='grc' dir='ltr'><em>παντας</em></span> <span class='ocrx_word' id='word_1_40' title='bbox 426 371 509 403; x_wconf 81' lang='grc' dir='ltr'><em>θεούς</em></span> <span class='ocrx_word' id='word_1_41' title='bbox 526 384 553 401; x_wconf 80' lang='grc' dir='ltr'><em>τε</em></span> <span class='ocrx_word' id='word_1_42' title='bbox 570 374 614 400; x_wconf 80' lang='grc' dir='ltr'><em>καὶ</em></span> <span class='ocrx_word' id='word_1_43' title='bbox 631 371 798 411; x_wconf 73' lang='grc' dir='ltr'><em>ἀνθρώπους.</em></span> <span class='ocrx_word' id='word_1_44' title='bbox 844 372 895 402; x_wconf 75' lang='grc' dir='ltr'><em>Οὗ-</em></span> 
     </span>
     <span class='ocr_line' id='line_1_9' title="bbox 106 412 895 463; baseline 0.003 -21"><span class='ocrx_word' id='word_1_45' title='bbox 106 415 148 442; x_wconf 84' lang='grc' dir='ltr'><em>δὲν</em></span> <span class='ocrx_word' id='word_1_46' title='bbox 163 416 252 452; x_wconf 81' lang='grc' dir='ltr'><em>λέγεις,</em></span> <span class='ocrx_word' id='word_1_47' title='bbox 261 415 319 463; x_wconf 65' lang='grc' dir='ltr'><em>ἔφη</em></span> <span class='ocrx_word' id='word_1_48' title='bbox 337 412 351 442; x_wconf 87' lang='lat'><em>5</em></span> <span class='ocrx_word' id='word_1_49' title='bbox 370 412 501 441; x_wconf 79' lang='grc' dir='ltr'><em>Γλαύκων·</em></span> <span class='ocrx_word' id='word_1_50' title='bbox 522 414 554 442; x_wconf 81' lang='grc' dir='ltr'><em>σὺ</em></span> <span class='ocrx_word' id='word_1_51' title='bbox 571 414 623 453; x_wconf 77' lang='grc' dir='ltr'><em>γὰρ</em></span> <span class='ocrx_word' id='word_1_52' title='bbox 640 414 756 450; x_wconf 77' lang='grc' dir='ltr'><em>ὑπέσχου</em></span> <span class='ocrx_word' id='word_1_53' title='bbox 773 415 895 451; x_wconf 81' lang='grc' dir='ltr'><em>ζητησειν,</em></span> 
     </span>
     <span class='ocr_line' id='line_1_10' title="bbox 107 454 897 494; baseline 0.004 -11"><span class='ocrx_word' id='word_1_54' title='bbox 107 462 111 477; x_wconf 90' lang='lat'><em>¹</em></span> <span class='ocrx_word' id='word_1_55' title='bbox 133 454 167 487; x_wconf 84' lang='grc' dir='ltr'><em>ὦς</em></span> <span class='ocrx_word' id='word_1_56' title='bbox 188 454 235 491; x_wconf 74' lang='grc' dir='ltr'><em>οὐχ</em></span> <span class='ocrx_word' id='word_1_57' title='bbox 257 454 332 483; x_wconf 82' lang='grc' dir='ltr'><em>ὅσιόν</em></span> <span class='ocrx_word' id='word_1_58' title='bbox 353 467 397 483; x_wconf 91' lang='grc' dir='ltr'><em>σοι</em></span> <span class='ocrx_word' id='word_1_59' title='bbox 418 454 448 484; x_wconf 83' lang='grc' dir='ltr'><em>ὄν</em></span> <span class='ocrx_word' id='word_1_60' title='bbox 463 456 498 492; x_wconf 83' lang='grc' dir='ltr'><em>μὴ</em></span> <span class='ocrx_word' id='word_1_61' title='bbox 517 455 548 484; x_wconf 78' lang='grc' dir='ltr'><em>οὐ</em></span> <span class='ocrx_word' id='word_1_62' title='bbox 567 458 677 493; x_wconf 79' lang='grc' dir='ltr'><em>βοηθεῖν</em></span> <span class='ocrx_word' id='word_1_63' title='bbox 695 456 844 494; x_wconf 80' lang='grc' dir='ltr'><em>δικαιοσυνῃ</em></span> <span class='ocrx_word' id='word_1_64' title='bbox 861 457 897 489; x_wconf 81' lang='grc' dir='ltr'><em>εἷς</em></span> 
     </span>
     <span class='ocr_line' id='line_1_11' title="bbox 105 496 894 549; baseline 0.004 -24"><span class='ocrx_word' id='word_1_65' title='bbox 105 497 209 535; x_wconf 80' lang='grc' dir='ltr'><em>δύναμιν</em></span> <span class='ocrx_word' id='word_1_66' title='bbox 225 498 303 525; x_wconf 81' lang='grc' dir='ltr'><em>παντὶ</em></span> <span class='ocrx_word' id='word_1_67' title='bbox 319 496 416 549; x_wconf 80' lang='grc' dir='ltr'><em>τρόπῳ.</em></span> <span class='ocrx_word' id='word_1_68' title='bbox 458 498 568 534; x_wconf 80' lang='grc' dir='ltr'><em>Λληθῆ,</em></span> <span class='ocrx_word' id='word_1_69' title='bbox 593 500 654 535; x_wconf 76' lang='grc' dir='ltr'><em>ἔφην</em></span> <span class='ocrx_word' id='word_1_70' title='bbox 673 499 733 537; x_wconf 80' lang='grc' dir='ltr'><em>ἐγώ,</em></span> <span class='ocrx_word' id='word_1_71' title='bbox 750 498 894 548; x_wconf 69' lang='grc' dir='ltr'><em>ὑπομιμνή-</em></span> 
     </span>
     <span class='ocr_line' id='line_1_12' title="bbox 104 540 894 578; baseline 0 -9"><span class='ocrx_word' id='word_1_72' title='bbox 104 550 178 572; x_wconf 84' lang='grc' dir='ltr'><em>σκεις,</em></span> <span class='ocrx_word' id='word_1_73' title='bbox 196 540 240 567; x_wconf 85' lang='grc' dir='ltr'><em>καὶ</em></span> <span class='ocrx_word' id='word_1_74' title='bbox 256 542 377 575; x_wconf 77' lang='grc' dir='ltr'><em>ποιητέον</em></span> <span class='ocrx_word' id='word_1_75' title='bbox 392 542 438 576; x_wconf 75' lang='grc' dir='ltr'><em>μέν</em></span> <span class='ocrx_word' id='word_1_76' title='bbox 454 552 483 577; x_wconf 82' lang='grc' dir='ltr'><em>γε</em></span> <span class='ocrx_word' id='word_1_77' title='bbox 502 540 576 573; x_wconf 79' lang='grc' dir='ltr'><em>οὕτω,</em></span> <span class='ocrx_word' id='word_1_78' title='bbox 592 540 642 578; x_wconf 82' lang='grc' dir='ltr'><em>χρὴ</em></span> <span class='ocrx_word' id='word_1_79' title='bbox 658 542 685 569; x_wconf 80' lang='grc' dir='ltr'><em>δὲ</em></span> <span class='ocrx_word' id='word_1_80' title='bbox 699 554 742 569; x_wconf 88' lang='grc' dir='ltr'><em>και</em></span> <span class='ocrx_word' id='word_1_81' title='bbox 755 541 822 578; x_wconf 71' lang='grc' dir='ltr'><em>ὑμᾶς</em></span> <span class='ocrx_word' id='word_1_82' title='bbox 836 544 894 573; x_wconf 86' lang='grc' dir='ltr'><em>ξυλ-</em></span> 
     </span>
     <span class='ocr_line' id='line_1_13' title="bbox 103 579 893 631; baseline 0.003 -21"><span class='ocrx_word' id='word_1_83' title='bbox 103 580 246 623; x_wconf 75' lang='grc' dir='ltr'><em>λαμβάνειν.</em></span> <span class='ocrx_word' id='word_1_84' title='bbox 277 579 377 614; x_wconf 43' lang='grc' dir='ltr'><em>Λλλη,</em></span> <span class='ocrx_word' id='word_1_85' title='bbox 369 583 427 631; x_wconf 77' lang='grc' dir='ltr'><em>ἐφη,</em></span> <span class='ocrx_word' id='word_1_86' title='bbox 442 581 586 620; x_wconf 67' lang='grc' dir='ltr'><em>ποιήσομεν</em></span> <span class='ocrx_word' id='word_1_87' title='bbox 604 582 691 614; x_wconf 89' lang='grc' dir='ltr'><em>ου’τως.</em></span> <span class='ocrx_word' id='word_1_88' title='bbox 721 582 824 616; x_wconf 85' lang='grc' dir='ltr'><em>Ελπίζω</em></span> <span class='ocrx_word' id='word_1_89' title='bbox 840 586 893 612; x_wconf 86' lang='grc' dir='ltr'><em>τοί-</em></span> 
     </span>
     <span class='ocr_line' id='line_1_14' title="bbox 103 621 896 662; baseline 0.004 -11"><span class='ocrx_word' id='word_1_90' title='bbox 103 636 157 656; x_wconf 83' lang='grc' dir='ltr'><em>νυν,</em></span> <span class='ocrx_word' id='word_1_91' title='bbox 184 624 214 659; x_wconf 82' lang='grc' dir='ltr'><em>ἦν</em></span> <span class='ocrx_word' id='word_1_92' title='bbox 235 621 259 651; x_wconf 91' lang='grc' dir='ltr'><em>δ</em></span> <span class='ocrx_word' id='word_1_93' title='bbox 280 623 341 662; x_wconf 78' lang='grc' dir='ltr'><em>ἐγώ,</em></span> <span class='ocrx_word' id='word_1_94' title='bbox 367 622 483 661; x_wconf 80' lang='grc' dir='ltr'><em>ευρήσειν</em></span> <span class='ocrx_word' id='word_1_95' title='bbox 506 623 568 653; x_wconf 80' lang='grc' dir='ltr'><em>αὐτὸ</em></span> <span class='ocrx_word' id='word_1_96' title='bbox 591 621 646 653; x_wconf 80' lang='grc' dir='ltr'><em>ὦδε.</em></span> <span class='ocrx_word' id='word_1_97' title='bbox 674 623 779 662; x_wconf 73' lang='grc' dir='ltr'><em>οἶμαι</em></span> <span class='ocrx_word' id='word_1_98' title='bbox 766 629 825 662; x_wconf 81' lang='grc' dir='ltr'><em>ημῖν</em></span> <span class='ocrx_word' id='word_1_99' title='bbox 850 625 896 660; x_wconf 80' lang='grc' dir='ltr'><em>τὴν</em></span> 
     </span>
     <span class='ocr_line' id='line_1_15' title="bbox 101 664 894 706; baseline 0.003 -13"><span class='ocrx_word' id='word_1_100' title='bbox 101 665 188 698; x_wconf 85' lang='grc' dir='ltr'><em>πόλιν,</em></span> <span class='ocrx_word' id='word_1_101' title='bbox 210 668 281 703; x_wconf 81' lang='grc' dir='ltr'><em>εἶ’περ</em></span> <span class='ocrx_word' id='word_1_102' title='bbox 300 664 391 703; x_wconf 77' lang='grc' dir='ltr'><em>ὀρθῶς</em></span> <span class='ocrx_word' id='word_1_103' title='bbox 406 678 435 704; x_wconf 80' lang='grc' dir='ltr'><em>γε</em></span> <span class='ocrx_word' id='word_1_104' title='bbox 455 665 572 703; x_wconf 75' lang='grc' dir='ltr'><em>ᾤκισται,</em></span> <span class='ocrx_word' id='word_1_105' title='bbox 591 670 680 699; x_wconf 80' lang='grc' dir='ltr'><em>τελέως</em></span> <span class='ocrx_word' id='word_1_106' title='bbox 698 666 806 706; x_wconf 79' lang='grc' dir='ltr'><em>ἀγαθὴν</em></span> <span class='ocrx_word' id='word_1_107' title='bbox 823 665 894 696; x_wconf 77' lang='grc' dir='ltr'><em>εἶναι.</em></span> 
     </span>
     <span class='ocr_line' id='line_1_16' title="bbox 101 706 893 746; baseline 0.001 -10"><span class='ocrx_word' id='word_1_108' title='bbox 101 706 220 746; x_wconf 83' lang='grc' dir='ltr'><em>Λναγκη,</em></span> <span class='ocrx_word' id='word_1_109' title='bbox 243 708 297 744; x_wconf 71' lang='grc' dir='ltr'><em>ἔφη</em></span> <span class='ocrx_word' id='word_1_110' title='bbox 342 707 427 743; x_wconf 87' lang='grc' dir='ltr'><em>Δῆλον</em></span> <span class='ocrx_word' id='word_1_111' title='bbox 449 708 491 743; x_wconf 77' lang='grc' dir='ltr'><em>δή,</em></span> <span class='ocrx_word' id='word_1_112' title='bbox 515 708 554 736; x_wconf 79' lang='grc' dir='ltr'><em>ὅτι</em></span> <span class='ocrx_word' id='word_1_113' title='bbox 577 708 646 745; x_wconf 82' lang='grc' dir='ltr'><em>σοφή</em></span> <span class='ocrx_word' id='word_1_114' title='bbox 669 708 688 737; x_wconf 64' lang='grc' dir='ltr'><em>τ’</em></span> <span class='ocrx_word' id='word_1_115' title='bbox 711 710 765 738; x_wconf 75' lang='grc' dir='ltr'><em>ἐστὶ</em></span> <span class='ocrx_word' id='word_1_116' title='bbox 786 710 830 737; x_wconf 74' lang='grc' dir='ltr'><em>καὶ</em></span> <span class='ocrx_word' id='word_1_117' title='bbox 848 708 893 737; x_wconf 77' lang='grc' dir='ltr'><em>ἆν-</em></span> 
     </span>
     <span class='ocr_line' id='line_1_17' title="bbox 102 750 895 799; baseline 0.004 -22"><span class='ocrx_word' id='word_1_118' title='bbox 102 751 171 787; x_wconf 90' lang='grc' dir='ltr'><em>δρεία</em></span> <span class='ocrx_word' id='word_1_119' title='bbox 192 750 235 777; x_wconf 84' lang='grc' dir='ltr'><em>καὶ</em></span> <span class='ocrx_word' id='word_1_120' title='bbox 257 761 368 799; x_wconf 81' lang='grc' dir='ltr'><em>σωφρων</em></span> <span class='ocrx_word' id='word_1_121' title='bbox 384 762 428 778; x_wconf 84' lang='grc' dir='ltr'><em>και</em></span> <span class='ocrx_word' id='word_1_122' title='bbox 446 751 538 778; x_wconf 90' lang='grc' dir='ltr'><em>δικαία.</em></span> <span class='ocrx_word' id='word_1_123' title='bbox 583 751 675 787; x_wconf 84' lang='grc' dir='ltr'><em>Δῆλον.</em></span> <span class='ocrx_word' id='word_1_124' title='bbox 722 750 820 780; x_wconf 73' lang='grc' dir='ltr'><em>Οὐκοῦν</em></span> <span class='ocrx_word' id='word_1_125' title='bbox 838 750 854 780; x_wconf 82' lang='grc' dir='ltr'>ὅ</span> <span class='ocrx_word' id='word_1_126' title='bbox 871 763 895 779; x_wconf 87' lang='grc' dir='ltr'><em>τι</em></span> 
     </span>
     <span class='ocr_line' id='line_1_18' title="bbox 102 790 892 830; baseline 0.003 -11"><span class='ocrx_word' id='word_1_127' title='bbox 102 804 133 819; x_wconf 89' lang='grc' dir='ltr'><em>αν</em></span> <span class='ocrx_word' id='word_1_128' title='bbox 155 790 238 819; x_wconf 73' lang='grc' dir='ltr'><em>αὐτῶν</em></span> <span class='ocrx_word' id='word_1_129' title='bbox 259 791 371 830; x_wconf 75' lang='grc' dir='ltr'><em>εὕρωμεν</em></span> <span class='ocrx_word' id='word_1_130' title='bbox 392 796 418 820; x_wconf 80' lang='grc' dir='ltr'><em>ἐν</em></span> <span class='ocrx_word' id='word_1_131' title='bbox 441 791 517 830; x_wconf 79' lang='grc' dir='ltr'><em>αὐτῇ,</em></span> <span class='ocrx_word' id='word_1_132' title='bbox 544 793 574 821; x_wconf 86' lang='grc' dir='ltr'><em>τὸ</em></span> <span class='ocrx_word' id='word_1_133' title='bbox 596 792 742 822; x_wconf 76' lang='grc' dir='ltr'><em>ὑπόλοιπον</em></span> <span class='ocrx_word' id='word_1_134' title='bbox 765 795 838 821; x_wconf 71' lang='grc' dir='ltr'><em>ἔσται</em></span> <span class='ocrx_word' id='word_1_135' title='bbox 862 793 892 822; x_wconf 85' lang='grc' dir='ltr'><em>τὸ</em></span> 
     </span>
     <span class='ocr_line' id='line_1_19' title="bbox 101 832 894 873; baseline 0.003 -11"><span class='ocrx_word' id='word_1_136' title='bbox 101 832 148 869; x_wconf 71' lang='grc' dir='ltr'><em>οὐχ</em></span> <span class='ocrx_word' id='word_1_137' title='bbox 165 832 314 871; x_wconf 71' lang='grc' dir='ltr'><em>ευρημένονς</em></span> <span class='ocrx_word' id='word_1_138' title='bbox 341 838 354 852; x_wconf 84' lang='lat'>*</span> <span class='ocrx_word' id='word_1_139' title='bbox 381 836 413 862; x_wconf 91' lang='grc' dir='ltr'><em>Τί</em></span> <span class='ocrx_word' id='word_1_140' title='bbox 427 834 489 872; x_wconf 85' lang='grc' dir='ltr'><em>μήν,·</em></span> <span class='ocrx_word' id='word_1_141' title='bbox 505 835 598 873; x_wconf 78' lang='grc' dir='ltr'><em>Ὥςπερ</em></span> <span class='ocrx_word' id='word_1_142' title='bbox 617 837 702 864; x_wconf 80' lang='grc' dir='ltr'><em>τοίνυν</em></span> <span class='ocrx_word' id='word_1_143' title='bbox 720 834 802 864; x_wconf 66' lang='grc' dir='ltr'><em>ἄλλων</em></span> <span class='ocrx_word' id='word_1_144' title='bbox 818 835 894 864; x_wconf 82' lang='grc' dir='ltr'><em>τινῶν</em></span> 
     </span>
     <span class='ocr_line' id='line_1_20' title="bbox 100 875 893 915; baseline 0.004 -12"><span class='ocrx_word' id='word_1_145' title='bbox 100 875 238 913; x_wconf 74' lang='grc' dir='ltr'><em>τεττάρων,</em></span> <span class='ocrx_word' id='word_1_146' title='bbox 257 876 280 904; x_wconf 79' lang='grc' dir='ltr'><em>εἴ</em></span> <span class='ocrx_word' id='word_1_147' title='bbox 297 876 323 904; x_wconf 75' lang='grc' dir='ltr'><em>ἓν</em></span> <span class='ocrx_word' id='word_1_148' title='bbox 340 889 364 904; x_wconf 90' lang='grc' dir='ltr'><em>τι</em></span> <span class='ocrx_word' id='word_1_149' title='bbox 382 877 515 914; x_wconf 75' lang='grc' dir='ltr'><em>ἐζητοῦμεν</em></span> <span class='ocrx_word' id='word_1_150' title='bbox 533 876 616 905; x_wconf 77' lang='grc' dir='ltr'><em>αὐτῶν</em></span> <span class='ocrx_word' id='word_1_151' title='bbox 635 881 660 905; x_wconf 82' lang='grc' dir='ltr'><em>ἐν</em></span> <span class='ocrx_word' id='word_1_152' title='bbox 679 876 789 915; x_wconf 76' lang='grc' dir='ltr'><em>ὁτῳοῦν,</em></span> <span class='ocrx_word' id='word_1_153' title='bbox 812 876 893 906; x_wconf 83' lang='grc' dir='ltr'><em>ὁπότε</em></span> 
     </span>
     <span class='ocr_line' id='line_1_21' title="bbox 99 918 893 957; baseline 0.001 -11"><span class='ocrx_word' id='word_1_154' title='bbox 99 918 202 956; x_wconf 80' lang='grc' dir='ltr'><em>πρῶτον</em></span> <span class='ocrx_word' id='word_1_155' title='bbox 220 921 299 947; x_wconf 81' lang='grc' dir='ltr'><em>ἐκεῖνο</em></span> <span class='ocrx_word' id='word_1_156' title='bbox 318 919 435 957; x_wconf 74' lang='grc' dir='ltr'><em>ἔγνωμεν,</em></span> <span class='ocrx_word' id='word_1_157' title='bbox 454 919 546 951; x_wconf 79' lang='grc' dir='ltr'><em>ἱκανῶς</em></span> <span class='ocrx_word' id='word_1_158' title='bbox 564 919 596 947; x_wconf 73' lang='grc' dir='ltr'><em>α”ν</em></span> <span class='ocrx_word' id='word_1_159' title='bbox 612 924 678 955; x_wconf 76' lang='grc' dir='ltr'><em>εἶχεν</em></span> <span class='ocrx_word' id='word_1_160' title='bbox 694 919 760 957; x_wconf 79' lang='grc' dir='ltr'><em>ἡμῖν,</em></span> <span class='ocrx_word' id='word_1_161' title='bbox 778 920 800 948; x_wconf 80' lang='grc' dir='ltr'><em>εἶ</em></span> <span class='ocrx_word' id='word_1_162' title='bbox 819 921 845 948; x_wconf 87' lang='grc' dir='ltr'><em>δὲ</em></span> <span class='ocrx_word' id='word_1_163' title='bbox 860 919 893 947; x_wconf 80' lang='grc' dir='ltr'><em>τὰ</em></span> 
     </span>
     <span class='ocr_line' id='line_1_22' title="bbox 99 959 890 1011; baseline 0.003 -23"><span class='ocrx_word' id='word_1_164' title='bbox 99 962 156 1010; x_wconf 86' lang='grc' dir='ltr'><em>τρία</em></span> <span class='ocrx_word' id='word_1_165' title='bbox 173 959 302 998; x_wconf 84' lang='grc' dir='ltr'><em>πρότερον</em></span> <span class='ocrx_word' id='word_1_166' title='bbox 320 963 499 999; x_wconf 68' lang='grc' dir='ltr'><em>ἐγνωρίσαμεν,</em></span> <span class='ocrx_word' id='word_1_167' title='bbox 519 960 587 998; x_wconf 77' lang='grc' dir='ltr'><em>αὐτῷ</em></span> <span class='ocrx_word' id='word_1_168' title='bbox 606 974 637 989; x_wconf 89' lang='grc' dir='ltr'><em>αν</em></span> <span class='ocrx_word' id='word_1_169' title='bbox 655 961 737 999; x_wconf 81' lang='grc' dir='ltr'><em>τούτῳ</em></span> <span class='ocrx_word' id='word_1_170' title='bbox 753 961 890 1011; x_wconf 80' lang='grc' dir='ltr'><em>ἐγνωριστο</em></span> 
     </span>
     <span class='ocr_line' id='line_1_23' title="bbox 99 1001 891 1041; baseline 0 -10"><span class='ocrx_word' id='word_1_171' title='bbox 99 1002 128 1031; x_wconf 82' lang='grc' dir='ltr'><em>τὸ</em></span> <span class='ocrx_word' id='word_1_172' title='bbox 147 1001 309 1039; x_wconf 78' lang='grc' dir='ltr'><em>ζητούμενον·</em></span> <span class='ocrx_word' id='word_1_173' title='bbox 338 1002 414 1038; x_wconf 75' lang='grc' dir='ltr'><em>δῆλον</em></span> <span class='ocrx_word' id='word_1_174' title='bbox 429 1016 492 1041; x_wconf 81' lang='grc' dir='ltr'><em>γαρ,</em></span> <span class='ocrx_word' id='word_1_175' title='bbox 515 1003 555 1031; x_wconf 83' lang='grc' dir='ltr'><em>ὅτι</em></span> <span class='ocrx_word' id='word_1_176' title='bbox 577 1001 623 1031; x_wconf 77' lang='grc' dir='ltr'><em>οὐκ</em></span> <span class='ocrx_word' id='word_1_177' title='bbox 647 1002 709 1032; x_wconf 70' lang='grc' dir='ltr'><em>ἄλλο</em></span> <span class='ocrx_word' id='word_1_178' title='bbox 733 1005 768 1032; x_wconf 85' lang='grc' dir='ltr'><em>ε’τι</em></span> <span class='ocrx_word' id='word_1_179' title='bbox 785 1016 815 1039; x_wconf 90' lang='grc' dir='ltr'><em>ην</em></span> <span class='ocrx_word' id='word_1_180' title='bbox 829 1002 843 1039; x_wconf 85' lang='grc' dir='ltr'><em>ἢ</em></span> <span class='ocrx_word' id='word_1_181' title='bbox 861 1003 891 1032; x_wconf 85' lang='grc' dir='ltr'><em>τὸ</em></span> 
     </span>
     <span class='ocr_line' id='line_1_24' title="bbox 98 1043 892 1083; baseline 0 -10"><span class='ocrx_word' id='word_1_182' title='bbox 98 1043 266 1081; x_wconf 69' lang='grc' dir='ltr'><em>ὑπολειφθέν.</em></span> <span class='ocrx_word' id='word_1_183' title='bbox 308 1043 422 1082; x_wconf 81' lang='grc' dir='ltr'><em>Ορθῶς,</em></span> <span class='ocrx_word' id='word_1_184' title='bbox 446 1046 504 1081; x_wconf 72' lang='grc' dir='ltr'><em>ἔφη,</em></span> <span class='ocrx_word' id='word_1_185' title='bbox 523 1048 609 1083; x_wconf 82' lang='grc' dir='ltr'><em>λὲγεις.</em></span> <span class='ocrx_word' id='word_1_186' title='bbox 656 1043 756 1074; x_wconf 76' lang='grc' dir='ltr'><em>Οὖκοῦν</em></span> <span class='ocrx_word' id='word_1_187' title='bbox 772 1046 816 1073; x_wconf 77' lang='grc' dir='ltr'><em>καὶ</em></span> <span class='ocrx_word' id='word_1_188' title='bbox 832 1046 892 1083; x_wconf 75' lang='grc' dir='ltr'><em>περὶ</em></span> 
     </span>
     <span class='ocr_line' id='line_1_25' title="bbox 98 1086 889 1126; baseline 0.001 -12"><span class='ocrx_word' id='word_1_189' title='bbox 98 1086 205 1119; x_wconf 75' lang='grc' dir='ltr'><em>τούτων,</em></span> <span class='ocrx_word' id='word_1_190' title='bbox 224 1086 308 1122; x_wconf 83' lang='grc' dir='ltr'><em>ἐπειδὴ</em></span> <span class='ocrx_word' id='word_1_191' title='bbox 325 1090 435 1124; x_wconf 85' lang='grc' dir='ltr'><em>τέτταρα</em></span> <span class='ocrx_word' id='word_1_192' title='bbox 453 1086 516 1115; x_wconf 75' lang='grc' dir='ltr'><em>ὄντα</em></span> <span class='ocrx_word' id='word_1_193' title='bbox 534 1086 664 1126; x_wconf 73' lang='grc' dir='ltr'><em>τυγχάνει,</em></span> <span class='ocrx_word' id='word_1_194' title='bbox 683 1086 800 1119; x_wconf 76' lang='grc' dir='ltr'><em>ὦςαύτως</em></span> <span class='ocrx_word' id='word_1_195' title='bbox 817 1090 889 1123; x_wconf 81' lang='grc' dir='ltr'><em>ζητη-</em></span> 
     </span>
     <span class='ocr_line' id='line_1_26' title="bbox 98 1128 891 1168; baseline 0.001 -11"><span class='ocrx_word' id='word_1_196' title='bbox 98 1131 167 1162; x_wconf 78' lang='grc' dir='ltr'><em>τέονς</em></span> <span class='ocrx_word' id='word_1_197' title='bbox 194 1128 266 1164; x_wconf 81' lang='grc' dir='ltr'><em>Δῆλα</em></span> <span class='ocrx_word' id='word_1_198' title='bbox 288 1128 325 1164; x_wconf 79' lang='grc' dir='ltr'><em>δή.</em></span> <span class='ocrx_word' id='word_1_199' title='bbox 367 1129 423 1156; x_wconf 77' lang='grc' dir='ltr'><em>Καὶ</em></span> <span class='ocrx_word' id='word_1_200' title='bbox 438 1131 485 1166; x_wconf 87' lang='grc' dir='ltr'><em>μὲν</em></span> <span class='ocrx_word' id='word_1_201' title='bbox 503 1128 532 1165; x_wconf 77' lang='grc' dir='ltr'><em>δὴ</em></span> <span class='ocrx_word' id='word_1_202' title='bbox 550 1129 654 1167; x_wconf 77' lang='grc' dir='ltr'><em>πρῶτόν</em></span> <span class='ocrx_word' id='word_1_203' title='bbox 669 1132 700 1168; x_wconf 81' lang='grc' dir='ltr'><em>γε’</em></span> <span class='ocrx_word' id='word_1_204' title='bbox 714 1141 761 1167; x_wconf 89' lang='grc' dir='ltr'><em>μοι</em></span> <span class='ocrx_word' id='word_1_205' title='bbox 778 1130 849 1158; x_wconf 73' lang='grc' dir='ltr'><em>δοκεῖ</em></span> <span class='ocrx_word' id='word_1_206' title='bbox 866 1133 891 1158; x_wconf 80' lang='grc' dir='ltr'><em>ἐν</em></span> 
     </span>
     <span class='ocr_line' id='line_1_27' title="bbox 100 1169 891 1209; baseline 0 -10"><span class='ocrx_word' id='word_1_207' title='bbox 100 1169 166 1208; x_wconf 74' lang='grc' dir='ltr'><em>αὐτῷ</em></span> <span class='ocrx_word' id='word_1_208' title='bbox 187 1170 331 1206; x_wconf 77' lang='grc' dir='ltr'><em>κατάδηλον</em></span> <span class='ocrx_word' id='word_1_209' title='bbox 353 1176 358 1192; x_wconf 92' lang='lat'>¹</span> <span class='ocrx_word' id='word_1_210' title='bbox 376 1169 441 1199; x_wconf 75' lang='grc' dir='ltr'><em>εἶναι</em></span> <span class='ocrx_word' id='word_1_211' title='bbox 457 1170 473 1207; x_wconf 77' lang='grc' dir='ltr'><em>ἦ</em></span> <span class='ocrx_word' id='word_1_212' title='bbox 491 1173 584 1208; x_wconf 85' lang='grc' dir='ltr'><em>σοφία·</em></span> <span class='ocrx_word' id='word_1_213' title='bbox 612 1173 656 1199; x_wconf 87' lang='grc' dir='ltr'><em>καί</em></span> <span class='ocrx_word' id='word_1_214' title='bbox 671 1184 696 1200; x_wconf 90' lang='grc' dir='ltr'><em>τι</em></span> <span class='ocrx_word' id='word_1_215' title='bbox 714 1171 815 1200; x_wconf 72' lang='grc' dir='ltr'><em>ἄτοπον</em></span> <span class='ocrx_word' id='word_1_216' title='bbox 832 1172 891 1209; x_wconf 80' lang='grc' dir='ltr'><em>περὶ</em></span> 
     </span>
     <span class='ocr_line' id='line_1_28' title="bbox 99 1208 888 1251; baseline 0 -9"><span class='ocrx_word' id='word_1_217' title='bbox 99 1211 177 1249; x_wconf 68' lang='grc' dir='ltr'><em>αὐτὴν</em></span> <span class='ocrx_word' id='word_1_218' title='bbox 193 1214 318 1250; x_wconf 78' lang='grc' dir='ltr'><em>φαίνεται.</em></span> <span class='ocrx_word' id='word_1_219' title='bbox 355 1215 397 1246; x_wconf 73' lang='grc' dir='ltr'><em>Τίς</em></span> <span class='ocrx_word' id='word_1_220' title='bbox 415 1208 430 1249; x_wconf 79' lang='grc' dir='ltr'><strong><em>ἦ</em></strong></span> <span class='ocrx_word' id='word_1_221' title='bbox 449 1212 471 1241; x_wconf 73' lang='grc' dir='ltr'><em>δ’</em></span> <span class='ocrx_word' id='word_1_222' title='bbox 490 1212 526 1245; x_wconf 82' lang='grc' dir='ltr'><em>ὅς.</em></span> <span class='ocrx_word' id='word_1_223' title='bbox 560 1213 637 1250; x_wconf 83' lang='grc' dir='ltr'><em>Σοφὴ</em></span> <span class='ocrx_word' id='word_1_224' title='bbox 654 1216 701 1251; x_wconf 84' lang='grc' dir='ltr'><em>μὲν</em></span> <span class='ocrx_word' id='word_1_225' title='bbox 717 1214 753 1251; x_wconf 74' lang='grc' dir='ltr'><em>τῷ</em></span> <span class='ocrx_word' id='word_1_226' title='bbox 771 1213 826 1242; x_wconf 72' lang='grc' dir='ltr'><em>ὄντι</em></span> <span class='ocrx_word' id='word_1_227' title='bbox 843 1215 888 1243; x_wconf 89' lang='grc' dir='ltr'><em>δο-</em></span> 
     </span>
     <span class='ocr_line' id='line_1_29' title="bbox 97 1253 889 1295; baseline 0.001 -12"><span class='ocrx_word' id='word_1_228' title='bbox 97 1259 136 1284; x_wconf 82' lang='grc' dir='ltr'><em>κεῖ</em></span> <span class='ocrx_word' id='word_1_229' title='bbox 153 1267 199 1293; x_wconf 92' lang='grc' dir='ltr'><em>μοι</em></span> <span class='ocrx_word' id='word_1_230' title='bbox 219 1254 235 1291; x_wconf 79' lang='grc' dir='ltr'>ἡ</span> <span class='ocrx_word' id='word_1_231' title='bbox 256 1254 330 1286; x_wconf 84' lang='grc' dir='ltr'><em>πόλις</em></span> <span class='ocrx_word' id='word_1_232' title='bbox 350 1253 426 1288; x_wconf 73' lang='grc' dir='ltr'><em>εἶναι,</em></span> <span class='ocrx_word' id='word_1_233' title='bbox 452 1254 483 1290; x_wconf 74' lang='grc' dir='ltr'><em>ἢν</em></span> <span class='ocrx_word' id='word_1_234' title='bbox 509 1255 660 1293; x_wconf 76' lang='grc' dir='ltr'><em>διήλθομεν·</em></span> <span class='ocrx_word' id='word_1_235' title='bbox 688 1255 810 1293; x_wconf 86' lang='grc' dir='ltr'><em>ευβουλος</em></span> <span class='ocrx_word' id='word_1_236' title='bbox 830 1268 889 1295; x_wconf 87' lang='grc' dir='ltr'><em>γαρ.</em></span> 
     </span>
     <span class='ocr_line' id='line_1_30' title="bbox 99 1296 888 1337; baseline 0.003 -12"><span class='ocrx_word' id='word_1_237' title='bbox 99 1296 165 1333; x_wconf 73' lang='grc' dir='ltr'><em>οὗχίς</em></span> <span class='ocrx_word' id='word_1_238' title='bbox 195 1299 256 1325; x_wconf 90' lang='grc' dir='ltr'><em>Ναί.</em></span> <span class='ocrx_word' id='word_1_239' title='bbox 292 1298 347 1325; x_wconf 82' lang='grc' dir='ltr'><em>Καὶ</em></span> <span class='ocrx_word' id='word_1_240' title='bbox 363 1297 413 1335; x_wconf 86' lang='grc' dir='ltr'><em>μὴν</em></span> <span class='ocrx_word' id='word_1_241' title='bbox 430 1297 508 1326; x_wconf 79' lang='grc' dir='ltr'><em>τοῦτο’</em></span> <span class='ocrx_word' id='word_1_242' title='bbox 524 1310 555 1337; x_wconf 73' lang='grc' dir='ltr'><em>γε</em></span> <span class='ocrx_word' id='word_1_243' title='bbox 573 1297 645 1331; x_wconf 85' lang='grc' dir='ltr'><em>αυτό,</em></span> <span class='ocrx_word' id='word_1_244' title='bbox 664 1297 679 1334; x_wconf 81' lang='grc' dir='ltr'><strong><em>ἦ</em></strong></span> <span class='ocrx_word' id='word_1_245' title='bbox 697 1297 824 1334; x_wconf 73' lang='grc' dir='ltr'><em>εὐβουλία,</em></span> <span class='ocrx_word' id='word_1_246' title='bbox 844 1299 888 1334; x_wconf 86' lang='grc' dir='ltr'><em>δῆ-</em></span> 
     </span>
     <span class='ocr_line' id='line_1_31' title="bbox 98 1338 889 1381; baseline 0 -13"><span class='ocrx_word' id='word_1_247' title='bbox 98 1342 143 1368; x_wconf 90' lang='grc' dir='ltr'><em>λον</em></span> <span class='ocrx_word' id='word_1_248' title='bbox 164 1338 204 1368; x_wconf 79' lang='grc' dir='ltr'><em>ὅτι</em></span> <span class='ocrx_word' id='word_1_249' title='bbox 225 1339 349 1381; x_wconf 77' lang='grc' dir='ltr'><em>ἐπιστήμη</em></span> <span class='ocrx_word' id='word_1_250' title='bbox 371 1341 408 1371; x_wconf 87' lang='grc' dir='ltr'><em>τίς</em></span> <span class='ocrx_word' id='word_1_251' title='bbox 430 1343 509 1368; x_wconf 81' lang='grc' dir='ltr'><em>ἐστιν·</em></span> <span class='ocrx_word' id='word_1_252' title='bbox 537 1338 568 1369; x_wconf 76' lang='grc' dir='ltr'><em>οὗ</em></span> <span class='ocrx_word' id='word_1_253' title='bbox 588 1353 640 1379; x_wconf 85' lang='grc' dir='ltr'><em>γαρ</em></span> <span class='ocrx_word' id='word_1_254' title='bbox 657 1352 710 1369; x_wconf 91' lang='grc' dir='ltr'><em>που</em></span> <span class='ocrx_word' id='word_1_255' title='bbox 729 1339 834 1378; x_wconf 82' lang='grc' dir='ltr'><em>ἇμαθίᾳ</em></span> <span class='ocrx_word' id='word_1_256' title='bbox 851 1352 889 1379; x_wconf 83' lang='grc' dir='ltr'><em>γε,</em></span> 
     </span>
     <span class='ocr_line' id='line_1_32' title="bbox 99 1379 889 1435; baseline 0.001 -25"><span class='ocrx_word' id='word_1_257' title='bbox 99 1379 150 1410; x_wconf 86' lang='grc' dir='ltr'><em>αλλ</em></span> <span class='ocrx_word' id='word_1_258' title='bbox 167 1381 292 1419; x_wconf 77' lang='grc' dir='ltr'><em>ἐπιστήμῃ</em></span> <span class='ocrx_word' id='word_1_259' title='bbox 309 1383 337 1410; x_wconf 77' lang='grc' dir='ltr'><em>εὖ</em></span> <span class='ocrx_word' id='word_1_260' title='bbox 355 1381 528 1435; x_wconf 75' lang='grc' dir='ltr'><em>βουλεύονται.</em></span> <span class='ocrx_word' id='word_1_261' title='bbox 564 1383 656 1418; x_wconf 75' lang='grc' dir='ltr'><em>Δῆλον,</em></span> <span class='ocrx_word' id='word_1_262' title='bbox 695 1384 800 1411; x_wconf 81' lang='grc' dir='ltr'><em>Πολλαὶ</em></span> <span class='ocrx_word' id='word_1_263' title='bbox 818 1384 845 1411; x_wconf 77' lang='grc' dir='ltr'><em>δέ</em></span> <span class='ocrx_word' id='word_1_264' title='bbox 859 1394 889 1421; x_wconf 76' lang='grc' dir='ltr'><em>γε</em></span> 
     </span>
     <span class='ocr_line' id='line_1_33' title="bbox 97 1423 891 1473; baseline 0.001 -21"><span class='ocrx_word' id='word_1_265' title='bbox 97 1425 140 1453; x_wconf 80' lang='grc' dir='ltr'><em>καὶ</em></span> <span class='ocrx_word' id='word_1_266' title='bbox 159 1425 328 1465; x_wconf 50' lang='grc' dir='ltr'><em>παντοδαπαὶ</em></span> <span class='ocrx_word' id='word_1_267' title='bbox 349 1426 485 1473; x_wconf 80' lang='grc' dir='ltr'><em>ἑπιστημαι</em></span> <span class='ocrx_word' id='word_1_268' title='bbox 508 1428 534 1452; x_wconf 79' lang='grc' dir='ltr'><em>ἐν</em></span> <span class='ocrx_word' id='word_1_269' title='bbox 554 1425 586 1462; x_wconf 85' lang='grc' dir='ltr'><em>τῇ</em></span> <span class='ocrx_word' id='word_1_270' title='bbox 611 1423 686 1453; x_wconf 80' lang='grc' dir='ltr'><em>πόλει</em></span> <span class='ocrx_word' id='word_1_271' title='bbox 711 1425 783 1453; x_wconf 86' lang='grc' dir='ltr'><em>εἶσί.ν</em></span> <span class='ocrx_word' id='word_1_272' title='bbox 826 1425 891 1456; x_wconf 88' lang='grc' dir='ltr'><em>Πῶς</em></span> 
     </span>
     <span class='ocr_line' id='line_1_34' title="bbox 97 1461 887 1505; baseline 0.003 -11"><span class='ocrx_word' id='word_1_273' title='bbox 97 1465 147 1505; x_wconf 76' lang='grc' dir='ltr'><em>γὰρ</em></span> <span class='ocrx_word' id='word_1_274' title='bbox 165 1465 209 1500; x_wconf 85' lang='lat' dir='ltr'><strong>0v&#39;‚·</strong></span> <span class='ocrx_word' id='word_1_275' title='bbox 224 1461 275 1504; x_wconf 62' lang='grc' dir='ltr'><em>Ἄρ</em></span> <span class='ocrx_word' id='word_1_276' title='bbox 293 1467 339 1494; x_wconf 80' lang='grc' dir='ltr'><em>οὖν</em></span> <span class='ocrx_word' id='word_1_277' title='bbox 356 1466 398 1494; x_wconf 80' lang='grc' dir='ltr'><em>διὰ</em></span> <span class='ocrx_word' id='word_1_278' title='bbox 416 1466 460 1501; x_wconf 82' lang='grc' dir='ltr'><em>τὴν</em></span> <span class='ocrx_word' id='word_1_279' title='bbox 478 1466 529 1495; x_wconf 76' lang='grc' dir='ltr'><em>τῶν</em></span> <span class='ocrx_word' id='word_1_280' title='bbox 545 1466 670 1495; x_wconf 79' lang='grc' dir='ltr'><em>τεκτόνων</em></span> <span class='ocrx_word' id='word_1_281' title='bbox 685 1467 825 1505; x_wconf 85' lang='grc' dir='ltr'><em>ἐπιστήμην</em></span> <span class='ocrx_word' id='word_1_282' title='bbox 840 1479 887 1496; x_wconf 92' lang='grc' dir='ltr'><em>σο-</em></span> 
     </span>
     <span class='ocr_line' id='line_1_35' title="bbox 97 1507 887 1547; baseline 0.003 -11"><span class='ocrx_word' id='word_1_283' title='bbox 97 1507 133 1546; x_wconf 82' lang='grc' dir='ltr'><em>φὴ</em></span> <span class='ocrx_word' id='word_1_284' title='bbox 151 1514 155 1529; x_wconf 87' lang='lat'><strong>¹</strong></span> <span class='ocrx_word' id='word_1_285' title='bbox 173 1521 217 1536; x_wconf 87' lang='grc' dir='ltr'><em>και</em></span> <span class='ocrx_word' id='word_1_286' title='bbox 233 1507 386 1545; x_wconf 72' lang='grc' dir='ltr'><em>εὔβουλος</em></span> <span class='ocrx_word' id='word_1_287' title='bbox 373 1521 388 1544; x_wconf 89' lang='grc' dir='ltr'><em>η</em></span> <span class='ocrx_word' id='word_1_288' title='bbox 405 1508 479 1540; x_wconf 82' lang='grc' dir='ltr'><em>πόλις</em></span> <span class='ocrx_word' id='word_1_289' title='bbox 496 1512 652 1547; x_wconf 82' lang='grc' dir='ltr'><em>προςρητέα,·</em></span> <span class='ocrx_word' id='word_1_290' title='bbox 682 1508 841 1547; x_wconf 74' lang='grc' dir='ltr'><em>Οὗδαμῶς,”</em></span> <span class='ocrx_word' id='word_1_291' title='bbox 833 1511 887 1546; x_wconf 75' lang='grc' dir='ltr'><em>ἔφη,</em></span> 
     </span>
     <span class='ocr_line' id='line_1_36' title="bbox 98 1549 889 1602; baseline 0.001 -23"><span class='ocrx_word' id='word_1_292' title='bbox 98 1549 139 1579; x_wconf 80' lang='grc' dir='ltr'><em>διιί</em></span> <span class='ocrx_word' id='word_1_293' title='bbox 154 1563 184 1589; x_wconf 80' lang='grc' dir='ltr'><em>γε</em></span> <span class='ocrx_word' id='word_1_294' title='bbox 201 1549 303 1586; x_wconf 79' lang='grc' dir='ltr'><em>ταύτην,</em></span> <span class='ocrx_word' id='word_1_295' title='bbox 322 1549 386 1578; x_wconf 71' lang='grc' dir='ltr'><em>ἀλλὰ</em></span> <span class='ocrx_word' id='word_1_296' title='bbox 403 1550 539 1587; x_wconf 85' lang='grc' dir='ltr'><em>τεκτονική.</em></span> <span class='ocrx_word' id='word_1_297' title='bbox 565 1550 615 1580; x_wconf 82' lang='grc' dir='ltr'><em>Οὐκ</em></span> <span class='ocrx_word' id='word_1_298' title='bbox 635 1550 686 1589; x_wconf 67' lang='grc' dir='ltr'><em>ἄρα</em></span> <span class='ocrx_word' id='word_1_299' title='bbox 705 1551 746 1579; x_wconf 84' lang='grc' dir='ltr'><em>διὰ</em></span> <span class='ocrx_word' id='word_1_300' title='bbox 764 1564 808 1587; x_wconf 90' lang='grc' dir='ltr'><em>την</em></span> <span class='ocrx_word' id='word_1_301' title='bbox 824 1551 889 1602; x_wconf 62' lang='grc' dir='ltr'><em>ὑπὲρ</em></span> 
     </span>
     <span class='ocr_line' id='line_1_37' title="bbox 98 1592 890 1631; baseline 0.001 -10"><span class='ocrx_word' id='word_1_302' title='bbox 98 1593 147 1621; x_wconf 83' lang='grc' dir='ltr'><em>τῶν</em></span> <span class='ocrx_word' id='word_1_303' title='bbox 168 1595 272 1625; x_wconf 78' lang='grc' dir='ltr'><em>ξυλίνων</em></span> <span class='ocrx_word' id='word_1_304' title='bbox 293 1592 391 1621; x_wconf 81' lang='grc' dir='ltr'><em>σκευῶν</em></span> <span class='ocrx_word' id='word_1_305' title='bbox 412 1593 552 1631; x_wconf 77' lang='grc' dir='ltr'><em>ἐπιστήμην</em></span> <span class='ocrx_word' id='word_1_306' title='bbox 574 1595 769 1631; x_wconf 77' lang='grc' dir='ltr'><em>βουλευομένην,</em></span> <span class='ocrx_word' id='word_1_307' title='bbox 798 1593 832 1625; x_wconf 82' lang='grc' dir='ltr'><em>ὦς</em></span> <span class='ocrx_word' id='word_1_308' title='bbox 858 1593 890 1621; x_wconf 80' lang='grc' dir='ltr'><em>όῖν</em></span> 
     </span>
     <span class='ocr_line' id='line_1_38' title="bbox 98 1635 888 1673; baseline 0 -9"><span class='ocrx_word' id='word_1_309' title='bbox 98 1636 150 1672; x_wconf 67' lang='grc' dir='ltr'><em>ἔχοι</em></span> <span class='ocrx_word' id='word_1_310' title='bbox 167 1636 291 1672; x_wconf 75' lang='grc' dir='ltr'><em>βέλτιστα,</em></span> <span class='ocrx_word' id='word_1_311' title='bbox 311 1635 381 1672; x_wconf 76' lang='grc' dir='ltr'><em>σοφὴ</em></span> <span class='ocrx_word' id='word_1_312' title='bbox 398 1638 491 1671; x_wconf 79' lang='grc' dir='ltr'><em>κλητέα</em></span> <span class='ocrx_word' id='word_1_313' title='bbox 505 1635 586 1667; x_wconf 83' lang='grc' dir='ltr'><em>πόλις.</em></span> <span class='ocrx_word' id='word_1_314' title='bbox 620 1635 656 1665; x_wconf 76' lang='grc' dir='ltr'><em>Οὐ</em></span> <span class='ocrx_word' id='word_1_315' title='bbox 672 1639 766 1673; x_wconf 77' lang='grc' dir='ltr'><em>μέντοι.</em></span> <span class='ocrx_word' id='word_1_316' title='bbox 804 1638 837 1664; x_wconf 89' lang='grc' dir='ltr'><em>Τί</em></span> <span class='ocrx_word' id='word_1_317' title='bbox 850 1637 888 1669; x_wconf 80' lang='grc' dir='ltr'><em>δέ,-</em></span> 
     </span>
     <span class='ocr_line' id='line_1_39' title="bbox 96 1676 886 1730; baseline 0.001 -24"><span class='ocrx_word' id='word_1_318' title='bbox 96 1677 141 1713; x_wconf 81' lang='grc' dir='ltr'><em>τὴν</em></span> <span class='ocrx_word' id='word_1_319' title='bbox 160 1676 224 1715; x_wconf 80' lang='grc' dir='ltr'><em>ὖπὲρ</em></span> <span class='ocrx_word' id='word_1_320' title='bbox 242 1677 292 1706; x_wconf 81' lang='grc' dir='ltr'><em>τῶν</em></span> <span class='ocrx_word' id='word_1_321' title='bbox 309 1681 335 1706; x_wconf 81' lang='grc' dir='ltr'><em>ἐκ</em></span> <span class='ocrx_word' id='word_1_322' title='bbox 352 1678 400 1706; x_wconf 85' lang='grc' dir='ltr'><strong><em>τοῦ</em></strong></span> <span class='ocrx_word' id='word_1_323' title='bbox 409 1678 513 1730; x_wconf 46' lang='grc' dir='ltr'><em>,χαλκοῦ</em></span> <span class='ocrx_word' id='word_1_324' title='bbox 531 1677 546 1713; x_wconf 75' lang='grc' dir='ltr'><em>η’</em></span> <span class='ocrx_word' id='word_1_325' title='bbox 564 1691 619 1706; x_wconf 90' lang='grc' dir='ltr'><em>τινα</em></span> <span class='ocrx_word' id='word_1_326' title='bbox 639 1678 715 1714; x_wconf 71' lang='grc' dir='ltr'><em>ἄλλην</em></span> <span class='ocrx_word' id='word_1_327' title='bbox 732 1678 782 1707; x_wconf 75' lang='grc' dir='ltr'><em>τῶν</em></span> <span class='ocrx_word' id='word_1_328' title='bbox 799 1678 886 1707; x_wconf 74' lang='grc' dir='ltr'><em>τοιού-</em></span> 
     </span>
     <span class='ocr_line' id='line_1_40' title="bbox 97 1718 888 1758; baseline 0 -10"><span class='ocrx_word' id='word_1_329' title='bbox 97 1731 157 1754; x_wconf 71' lang='lat' dir='ltr'><em>nav,-</em></span> <span class='ocrx_word' id='word_1_330' title='bbox 187 1718 248 1749; x_wconf 91' lang='grc' dir='ltr'><em>Ουδ</em></span> <span class='ocrx_word' id='word_1_331' title='bbox 265 1718 387 1756; x_wconf 75' lang='grc' dir='ltr'><em>ἡντινοῦν,</em></span> <span class='ocrx_word' id='word_1_332' title='bbox 407 1721 462 1757; x_wconf 74' lang='grc' dir='ltr'><em>ἔφη.</em></span> <span class='ocrx_word' id='word_1_333' title='bbox 496 1719 560 1749; x_wconf 79' lang='grc' dir='ltr'><em>Οὐδὲ</em></span> <span class='ocrx_word' id='word_1_334' title='bbox 578 1721 623 1755; x_wconf 61' lang='grc' dir='ltr'><em>τὴν</em></span> <span class='ocrx_word' id='word_1_335' title='bbox 638 1719 703 1758; x_wconf 70' lang='grc' dir='ltr'><em>ὑπὲρ</em></span> <span class='ocrx_word' id='word_1_336' title='bbox 722 1721 768 1750; x_wconf 85' lang='grc' dir='ltr'><strong>τοῦ</strong></span> <span class='ocrx_word' id='word_1_337' title='bbox 786 1720 888 1758; x_wconf 81' lang='grc' dir='ltr'><em>καρποῦ</em></span> 
     </span>
     <span class='ocr_line' id='line_1_41' title="bbox 97 1761 886 1803; baseline 0 -13"><span class='ocrx_word' id='word_1_338' title='bbox 97 1762 140 1798; x_wconf 80' lang='grc' dir='ltr'><em>τῆς</em></span> <span class='ocrx_word' id='word_1_339' title='bbox 154 1764 276 1803; x_wconf 78' lang='grc' dir='ltr'><em>γενέσεως</em></span> <span class='ocrx_word' id='word_1_340' title='bbox 293 1775 319 1790; x_wconf 83' lang='grc' dir='ltr'><em>εκ</em></span> <span class='ocrx_word' id='word_1_341' title='bbox 337 1762 381 1798; x_wconf 84' lang='grc' dir='ltr'><em>τῆς</em></span> <span class='ocrx_word' id='word_1_342' title='bbox 397 1763 454 1801; x_wconf 82' lang='grc' dir='ltr'><em>γῆς,</em></span> <span class='ocrx_word' id='word_1_343' title='bbox 478 1761 542 1790; x_wconf 76' lang='grc' dir='ltr'><em>ἄλλα</em></span> <span class='ocrx_word' id='word_1_344' title='bbox 563 1762 694 1801; x_wconf 83' lang='grc' dir='ltr'><em>γεωργική.</em></span> <span class='ocrx_word' id='word_1_345' title='bbox 739 1767 819 1792; x_wconf 81' lang='grc' dir='ltr'><em>Δοκεῖ</em></span> <span class='ocrx_word' id='word_1_346' title='bbox 833 1775 886 1800; x_wconf 91' lang='grc' dir='ltr'><em>μοι.</em></span> 
     </span>
     <span class='ocr_line' id='line_1_42' title="bbox 99 1803 885 1857; baseline 0.001 -25"><span class='ocrx_word' id='word_1_347' title='bbox 99 1806 129 1832; x_wconf 85' lang='grc' dir='ltr'><em>Τί</em></span> <span class='ocrx_word' id='word_1_348' title='bbox 138 1806 182 1853; x_wconf 62' lang='grc' dir='ltr'><em>δέ,-</em></span> <span class='ocrx_word' id='word_1_349' title='bbox 208 1805 239 1840; x_wconf 85' lang='grc' dir='ltr'><em>ἠν</em></span> <span class='ocrx_word' id='word_1_350' title='bbox 256 1803 280 1832; x_wconf 95' lang='grc' dir='ltr'><em>δ</em></span> <span class='ocrx_word' id='word_1_351' title='bbox 299 1804 358 1843; x_wconf 77' lang='grc' dir='ltr'><em>ἐγώ·</em></span> <span class='ocrx_word' id='word_1_352' title='bbox 387 1806 441 1833; x_wconf 81' lang='grc' dir='ltr'><em>ἔστι</em></span> <span class='ocrx_word' id='word_1_353' title='bbox 462 1816 500 1836; x_wconf 87' lang='grc' dir='ltr'><em>τις</em></span> <span class='ocrx_word' id='word_1_354' title='bbox 521 1805 645 1842; x_wconf 82' lang='grc' dir='ltr'><em>ἐπιστημη</em></span> <span class='ocrx_word' id='word_1_355' title='bbox 668 1809 694 1834; x_wconf 81' lang='grc' dir='ltr'><em>ἐν</em></span> <span class='ocrx_word' id='word_1_356' title='bbox 715 1805 746 1843; x_wconf 83' lang='grc' dir='ltr'><em>τῇ</em></span> <span class='ocrx_word' id='word_1_357' title='bbox 769 1804 827 1843; x_wconf 87' lang='grc' dir='ltr'><em>α’ρτι</em></span> <span class='ocrx_word' id='word_1_358' title='bbox 843 1803 885 1857; x_wconf 82' lang='grc' dir='ltr'><em>υφ’</em></span> 
     </span>
     <span class='ocr_line' id='line_1_43' title="bbox 96 1845 887 1885; baseline 0 -10"><span class='ocrx_word' id='word_1_359' title='bbox 96 1845 165 1884; x_wconf 82' lang='grc' dir='ltr'><em>ἦμῶν</em></span> <span class='ocrx_word' id='word_1_360' title='bbox 181 1847 332 1884; x_wconf 78' lang='grc' dir='ltr'><em>οἰκισθείσῃ</em></span> <span class='ocrx_word' id='word_1_361' title='bbox 349 1859 423 1885; x_wconf 89' lang='grc' dir='ltr'><em>παρα</em></span> <span class='ocrx_word' id='word_1_362' title='bbox 440 1859 492 1875; x_wconf 88' lang='grc' dir='ltr'><em>τισι</em></span> <span class='ocrx_word' id='word_1_363' title='bbox 510 1859 560 1875; x_wconf 90' lang='grc' dir='ltr'><em>των</em></span> <span class='ocrx_word' id='word_1_364' title='bbox 576 1847 700 1880; x_wconf 79' lang='grc' dir='ltr'><em>πολιτῶν,</em></span> <span class='ocrx_word' id='word_1_365' title='bbox 724 1847 739 1883; x_wconf 78' lang='grc' dir='ltr'><em>ἢ</em></span> <span class='ocrx_word' id='word_1_366' title='bbox 758 1847 805 1883; x_wconf 76' lang='grc' dir='ltr'><em>οὐχ</em></span> <span class='ocrx_word' id='word_1_367' title='bbox 822 1846 887 1885; x_wconf 79' lang='grc' dir='ltr'><em>υπὲρ</em></span> 
     </span>
     <span class='ocr_line' id='line_1_44' title="bbox 97 1888 888 1939; baseline 0 -22"><span class='ocrx_word' id='word_1_368' title='bbox 97 1888 146 1917; x_wconf 75' lang='grc' dir='ltr'><em>τῶν</em></span> <span class='ocrx_word' id='word_1_369' title='bbox 164 1895 167 1910; x_wconf 89' lang='lat'><strong>¹</strong></span> <span class='ocrx_word' id='word_1_370' title='bbox 187 1892 212 1917; x_wconf 80' lang='grc' dir='ltr'><em>ἐν</em></span> <span class='ocrx_word' id='word_1_371' title='bbox 232 1889 264 1926; x_wconf 85' lang='grc' dir='ltr'><em>τῇ</em></span> <span class='ocrx_word' id='word_1_372' title='bbox 284 1888 359 1917; x_wconf 83' lang='grc' dir='ltr'><em>πόλει</em></span> <span class='ocrx_word' id='word_1_373' title='bbox 379 1888 447 1921; x_wconf 81' lang='grc' dir='ltr'><em>τινὸς</em></span> <span class='ocrx_word' id='word_1_374' title='bbox 458 1889 640 1939; x_wconf 72' lang='grc' dir='ltr'><em>βουλευεται,</em></span> <span class='ocrx_word' id='word_1_375' title='bbox 651 1888 702 1917; x_wconf 84' lang='grc' dir='ltr'><em>αλλ</em></span> <span class='ocrx_word' id='word_1_376' title='bbox 723 1889 788 1927; x_wconf 84' lang='grc' dir='ltr'><em>υπὲρ</em></span> <span class='ocrx_word' id='word_1_377' title='bbox 805 1900 888 1939; x_wconf 85' lang='grc' dir='ltr'><em>αυτης</em></span> 
     </span>
     <span class='ocr_line' id='line_1_45' title="bbox 97 1929 888 1970; baseline -0.001 -10"><span class='ocrx_word' id='word_1_378' title='bbox 97 1929 161 1967; x_wconf 80' lang='grc' dir='ltr'><em>ὅλης,</em></span> <span class='ocrx_word' id='word_1_379' title='bbox 180 1930 266 1959; x_wconf 81' lang='grc' dir='ltr'><em>ὅντινα</em></span> <span class='ocrx_word' id='word_1_380' title='bbox 283 1930 383 1969; x_wconf 81' lang='grc' dir='ltr'><em>τρόπον</em></span> <span class='ocrx_word' id='word_1_381' title='bbox 400 1930 464 1967; x_wconf 76' lang='grc' dir='ltr'><em>αὐτή</em></span> <span class='ocrx_word' id='word_1_382' title='bbox 481 1944 507 1960; x_wconf 88' lang='grc' dir='ltr'><em>τε</em></span> <span class='ocrx_word' id='word_1_383' title='bbox 524 1932 591 1969; x_wconf 87' lang='grc' dir='ltr'><em>πρὸς</em></span> <span class='ocrx_word' id='word_1_384' title='bbox 609 1930 688 1968; x_wconf 71' lang='grc' dir='ltr'><em>αὑτὴν</em></span> <span class='ocrx_word' id='word_1_385' title='bbox 704 1933 748 1960; x_wconf 81' lang='grc' dir='ltr'><em>καὶ</em></span> <span class='ocrx_word' id='word_1_386' title='bbox 762 1932 828 1970; x_wconf 84' lang='grc' dir='ltr'><em>πρὸς</em></span> <span class='ocrx_word' id='word_1_387' title='bbox 842 1931 888 1963; x_wconf 83' lang='grc' dir='ltr'><em>τὰς</em></span> 
     </span>
     <span class='ocr_line' id='line_1_46' title="bbox 99 1972 885 2012; baseline 0 -11"><span class='ocrx_word' id='word_1_388' title='bbox 99 1972 175 2005; x_wconf 82' lang='grc' dir='ltr'><em>α’λλας</em></span> <span class='ocrx_word' id='word_1_389' title='bbox 199 1973 286 2005; x_wconf 84' lang='grc' dir='ltr'><em>πόλεις</em></span> <span class='ocrx_word' id='word_1_390' title='bbox 312 1972 394 2011; x_wconf 86' lang='grc' dir='ltr'><em>α’ριστ</em></span> <span class='ocrx_word' id='word_1_391' title='bbox 419 1986 451 2002; x_wconf 90' lang='grc' dir='ltr'><em>αν</em></span> <span class='ocrx_word' id='word_1_392' title='bbox 478 1973 574 2011; x_wconf 77' lang='grc' dir='ltr'><em>ὃμιλοῖ,·</em></span> <span class='ocrx_word' id='word_1_393' title='bbox 601 1973 672 2003; x_wconf 79' lang='lat' dir='ltr'><em>’&#39;Eo-u</em></span> <span class='ocrx_word' id='word_1_394' title='bbox 695 1977 790 2012; x_wconf 84' lang='grc' dir='ltr'><em>μέντοι.</em></span> <span class='ocrx_word' id='word_1_395' title='bbox 836 1976 885 2006; x_wconf 82' lang='grc' dir='ltr'><em>Τίς,</em></span> 
     </span>
     <span class='ocr_line' id='line_1_47' title="bbox 98 2015 885 2054; baseline 0 -10"><span class='ocrx_word' id='word_1_396' title='bbox 98 2016 159 2052; x_wconf 73' lang='grc' dir='ltr'><em>ἔφην</em></span> <span class='ocrx_word' id='word_1_397' title='bbox 176 2015 237 2054; x_wconf 78' lang='grc' dir='ltr'><em>ἐγώ,</em></span> <span class='ocrx_word' id='word_1_398' title='bbox 258 2028 302 2044; x_wconf 90' lang='grc' dir='ltr'><em>και</em></span> <span class='ocrx_word' id='word_1_399' title='bbox 320 2019 346 2044; x_wconf 86' lang='grc' dir='ltr'><em>ἐν</em></span> <span class='ocrx_word' id='word_1_400' title='bbox 362 2017 441 2050; x_wconf 74' lang='grc' dir='ltr'><em>τίσινς</em></span> <span class='ocrx_word' id='word_1_401' title='bbox 467 2015 552 2052; x_wconf 64' lang='grc' dir='ltr'><em>Αὕτη,</em></span> <span class='ocrx_word' id='word_1_402' title='bbox 575 2017 590 2051; x_wconf 83' lang='grc' dir='ltr'>ἠ</span> <span class='ocrx_word' id='word_1_403' title='bbox 609 2015 632 2044; x_wconf 78' lang='grc' dir='ltr'><em>δ’</em></span> <span class='ocrx_word' id='word_1_404' title='bbox 654 2016 694 2049; x_wconf 80' lang='grc' dir='ltr'><em>ὅς,</em></span> <span class='ocrx_word' id='word_1_405' title='bbox 716 2016 732 2052; x_wconf 78' lang='grc' dir='ltr'><strong><em>ἦ</em></strong></span> <span class='ocrx_word' id='word_1_406' title='bbox 753 2015 885 2053; x_wconf 82' lang='grc' dir='ltr'><em>φυλακική,</em></span> 
     </span>
     <span class='ocr_line' id='line_1_48' title="bbox 96 2057 884 2096; baseline 0.001 -10"><span class='ocrx_word' id='word_1_407' title='bbox 96 2058 139 2086; x_wconf 79' lang='grc' dir='ltr'><em>καὶ</em></span> <span class='ocrx_word' id='word_1_408' title='bbox 156 2061 181 2086; x_wconf 83' lang='grc' dir='ltr'><em>ἐν</em></span> <span class='ocrx_word' id='word_1_409' title='bbox 197 2069 299 2090; x_wconf 90' lang='grc' dir='ltr'><em>τουτοις</em></span> <span class='ocrx_word' id='word_1_410' title='bbox 315 2061 371 2090; x_wconf 87' lang='grc' dir='ltr'><em>τοῖς</em></span> <span class='ocrx_word' id='word_1_411' title='bbox 388 2057 524 2096; x_wconf 86' lang='grc' dir='ltr'><em>α’ρχουσιν,</em></span> <span class='ocrx_word' id='word_1_412' title='bbox 547 2070 592 2090; x_wconf 88' lang='grc' dir='ltr'><em>ους</em></span> <span class='ocrx_word' id='word_1_413' title='bbox 608 2058 653 2087; x_wconf 76' lang='grc' dir='ltr'><em>νῦν</em></span> <span class='ocrx_word' id='word_1_414' title='bbox 671 2058 700 2094; x_wconf 89' lang='grc' dir='ltr'><em>δὴ</em></span> <span class='ocrx_word' id='word_1_415' title='bbox 718 2062 818 2090; x_wconf 82' lang='grc' dir='ltr'><em>τελέους</em></span> <span class='ocrx_word' id='word_1_416' title='bbox 834 2071 884 2095; x_wconf 83' lang='grc' dir='ltr'><em>φυ-</em></span> 
     </span>
     <span class='ocr_line' id='line_1_49' title="bbox 95 2098 888 2154; baseline 0.001 -26"><span class='ocrx_word' id='word_1_417' title='bbox 95 2102 174 2131; x_wconf 82' lang='grc' dir='ltr'><em>λακας</em></span> <span class='ocrx_word' id='word_1_418' title='bbox 191 2098 360 2138; x_wconf 75' lang='grc' dir='ltr'><em>ὠνομάζομεν.</em></span> <span class='ocrx_word' id='word_1_419' title='bbox 401 2101 451 2128; x_wconf 81' lang='grc' dir='ltr'><em>Διὰ</em></span> <span class='ocrx_word' id='word_1_420' title='bbox 468 2100 564 2136; x_wconf 82' lang='grc' dir='ltr'><em>ταύτην</em></span> <span class='ocrx_word' id='word_1_421' title='bbox 581 2113 627 2129; x_wconf 90' lang='grc' dir='ltr'><em>ουν</em></span> <span class='ocrx_word' id='word_1_422' title='bbox 644 2101 689 2137; x_wconf 87' lang='grc' dir='ltr'><em>τὴν</em></span> <span class='ocrx_word' id='word_1_423' title='bbox 707 2100 847 2154; x_wconf 72' lang='grc' dir='ltr'><em>ἐπιστήμην</em></span> <span class='ocrx_word' id='word_1_424' title='bbox 863 2102 888 2128; x_wconf 91' lang='grc' dir='ltr'><em>τί</em></span> 
     </span>
     <span class='ocr_line' id='line_1_50' title="bbox 95 2141 886 2193; baseline 0 -23"><span class='ocrx_word' id='word_1_425' title='bbox 95 2141 140 2178; x_wconf 69' lang='grc' dir='ltr'><em>τὴν</em></span> <span class='ocrx_word' id='word_1_426' title='bbox 156 2141 231 2171; x_wconf 85' lang='grc' dir='ltr'><em>πόλιν</em></span> <span class='ocrx_word' id='word_1_427' title='bbox 246 2142 467 2193; x_wconf 49' lang='lat' dir='ltr'><em>agogayoqmjecffl-</em></span> <span class='ocrx_word' id='word_1_428' title='bbox 484 2142 652 2180; x_wconf 76' lang='grc' dir='ltr'><em>Ευβουλον,’</em></span> <span class='ocrx_word' id='word_1_429' title='bbox 645 2145 700 2180; x_wconf 66' lang='grc' dir='ltr'><em>ἔφη,</em></span> <span class='ocrx_word' id='word_1_430' title='bbox 719 2157 762 2171; x_wconf 86' lang='grc' dir='ltr'><em>και</em></span> <span class='ocrx_word' id='word_1_431' title='bbox 779 2143 814 2180; x_wconf 74' lang='grc' dir='ltr'><em>τῷ</em></span> <span class='ocrx_word' id='word_1_432' title='bbox 832 2142 886 2172; x_wconf 77' lang='grc' dir='ltr'><em>ὃντι</em></span> 
     </span>
     <span class='ocr_line' id='line_1_51' title="bbox 97 2183 886 2224; baseline -0.001 -11"><span class='ocrx_word' id='word_1_433' title='bbox 97 2183 187 2221; x_wconf 78' lang='grc' dir='ltr'><em>σοφήν.</em></span> <span class='ocrx_word' id='word_1_434' title='bbox 228 2184 350 2222; x_wconf 86' lang='grc' dir='ltr'><em>Πότερον</em></span> <span class='ocrx_word' id='word_1_435' title='bbox 371 2186 428 2217; x_wconf 77' lang='grc' dir='ltr'><em>οὐν,</em></span> <span class='ocrx_word' id='word_1_436' title='bbox 450 2186 481 2221; x_wconf 79' lang='grc' dir='ltr'><em>ἦν</em></span> <span class='ocrx_word' id='word_1_437' title='bbox 503 2184 526 2213; x_wconf 87' lang='grc' dir='ltr'><em>δ</em></span> <span class='ocrx_word' id='word_1_438' title='bbox 551 2184 612 2224; x_wconf 79' lang='grc' dir='ltr'><em>ἐγώ,</em></span> <span class='ocrx_word' id='word_1_439' title='bbox 641 2189 667 2214; x_wconf 86' lang='grc' dir='ltr'><em>ἐν</em></span> <span class='ocrx_word' id='word_1_440' title='bbox 688 2186 719 2223; x_wconf 84' lang='grc' dir='ltr'><em>τῇ</em></span> <span class='ocrx_word' id='word_1_441' title='bbox 741 2185 815 2214; x_wconf 87' lang='grc' dir='ltr'><em>πόλει</em></span> <span class='ocrx_word' id='word_1_442' title='bbox 839 2188 886 2214; x_wconf 81' lang='grc' dir='ltr'><em>οἴει</em></span> 
     </span>
     <span class='ocr_line' id='line_1_52' title="bbox 95 2225 887 2264; baseline 0.003 -10"><span class='ocrx_word' id='word_1_443' title='bbox 95 2225 154 2264; x_wconf 77' lang='grc' dir='ltr'><em>ἡμῖν</em></span> <span class='ocrx_word' id='word_1_444' title='bbox 171 2229 280 2262; x_wconf 81' lang='grc' dir='ltr'><em>χαλκέας</em></span> <span class='ocrx_word' id='word_1_445' title='bbox 302 2233 305 2247; x_wconf 90' lang='lat'>¹</span> <span class='ocrx_word' id='word_1_446' title='bbox 328 2229 430 2258; x_wconf 84' lang='grc' dir='ltr'><em>πλείους</em></span> <span class='ocrx_word' id='word_1_447' title='bbox 452 2230 592 2256; x_wconf 82' lang='grc' dir='ltr'><em>ἐνεσεσθαι</em></span> <span class='ocrx_word' id='word_1_448' title='bbox 616 2226 632 2263; x_wconf 81' lang='grc' dir='ltr'><strong><em>ἦ</em></strong></span> <span class='ocrx_word' id='word_1_449' title='bbox 658 2227 718 2259; x_wconf 82' lang='grc' dir='ltr'><em>τοὺς</em></span> <span class='ocrx_word' id='word_1_450' title='bbox 745 2226 887 2263; x_wconf 79' lang='grc' dir='ltr'><em>ἇληθινούς</em></span> 
     </span>
     <span class='ocr_line' id='line_1_53' title="bbox 95 2267 885 2306; baseline 0.003 -10"><span class='ocrx_word' id='word_1_451' title='bbox 95 2267 210 2306; x_wconf 77' lang='grc' dir='ltr'><em>φύλακας</em></span> <span class='ocrx_word' id='word_1_452' title='bbox 226 2280 346 2303; x_wconf 74' lang='grc' dir='ltr'><em>τουτουςς</em></span> <span class='ocrx_word' id='word_1_453' title='bbox 363 2268 447 2302; x_wconf 89' lang='grc' dir='ltr'><em>Πολυ,</em></span> <span class='ocrx_word' id='word_1_454' title='bbox 467 2270 521 2305; x_wconf 80' lang='grc' dir='ltr'><em>ἔφη,</em></span> <span class='ocrx_word' id='word_1_455' title='bbox 538 2272 654 2305; x_wconf 81' lang='grc' dir='ltr'><em>χαλκέας.</em></span> <span class='ocrx_word' id='word_1_456' title='bbox 689 2269 796 2302; x_wconf 76' lang='grc' dir='ltr'><em>Οὐκοῦν,</em></span> <span class='ocrx_word' id='word_1_457' title='bbox 815 2271 885 2306; x_wconf 79' lang='grc' dir='ltr'><em>ἔφην,</em></span> 
     </span>
     <span class='ocr_line' id='line_1_54' title="bbox 96 2310 887 2362; baseline -0.001 -22"><span class='ocrx_word' id='word_1_458' title='bbox 96 2323 138 2340; x_wconf 84' lang='grc' dir='ltr'><em>και</em></span> <span class='ocrx_word' id='word_1_459' title='bbox 159 2323 209 2340; x_wconf 89' lang='grc' dir='ltr'><em>των</em></span> <span class='ocrx_word' id='word_1_460' title='bbox 230 2310 323 2344; x_wconf 61' lang='grc' dir='ltr'><em>ἄλλων,</em></span> <span class='ocrx_word' id='word_1_461' title='bbox 350 2310 411 2340; x_wconf 78' lang='grc' dir='ltr'><em>ὅσοι</em></span> <span class='ocrx_word' id='word_1_462' title='bbox 433 2311 573 2362; x_wconf 80' lang='grc' dir='ltr'><em>ἐπιστήμας</em></span> <span class='ocrx_word' id='word_1_463' title='bbox 595 2313 695 2347; x_wconf 77' lang='grc' dir='ltr'><em>ἔχοντες</em></span> <span class='ocrx_word' id='word_1_464' title='bbox 716 2311 887 2349; x_wconf 77' lang='grc' dir='ltr'><em>όνομαζονταί</em></span> 
     </span>
     <span class='ocr_line' id='line_1_55' title="bbox 96 2352 885 2393; baseline 0.003 -12"><span class='ocrx_word' id='word_1_465' title='bbox 96 2363 160 2385; x_wconf 84' lang='grc' dir='ltr'><em>τινες</em></span> <span class='ocrx_word' id='word_1_466' title='bbox 179 2358 254 2386; x_wconf 78' lang='grc' dir='ltr'><em>εἶναι,</em></span> <span class='ocrx_word' id='word_1_467' title='bbox 280 2352 385 2382; x_wconf 78' lang='grc' dir='ltr'><em>πάντων</em></span> <span class='ocrx_word' id='word_1_468' title='bbox 406 2353 504 2382; x_wconf 77' lang='grc' dir='ltr'><em>τούτων</em></span> <span class='ocrx_word' id='word_1_469' title='bbox 525 2355 596 2382; x_wconf 86' lang='grc' dir='ltr'><em>οὑτοι</em></span> <span class='ocrx_word' id='word_1_470' title='bbox 620 2353 651 2382; x_wconf 76' lang='grc' dir='ltr'><em>ἂν</em></span> <span class='ocrx_word' id='word_1_471' title='bbox 672 2353 722 2383; x_wconf 78' lang='grc' dir='ltr'><em>εἷεν</em></span> <span class='ocrx_word' id='word_1_472' title='bbox 748 2353 885 2393; x_wconf 71' lang='grc' dir='ltr'><em>ὀλίγιστοις</em></span> 
     </span>
     <span class='ocr_line' id='line_1_56' title="bbox 96 2394 887 2434; baseline 0.001 -11"><span class='ocrx_word' id='word_1_473' title='bbox 96 2394 170 2424; x_wconf 77' lang='grc' dir='ltr'><em>Πολύ</em></span> <span class='ocrx_word' id='word_1_474' title='bbox 186 2407 223 2434; x_wconf 76' lang='grc' dir='ltr'><em>γε.</em></span> <span class='ocrx_word' id='word_1_475' title='bbox 251 2395 293 2433; x_wconf 74' lang='grc' dir='ltr'><em>Τῷ</em></span> <span class='ocrx_word' id='word_1_476' title='bbox 310 2407 472 2433; x_wconf 81' lang='grc' dir='ltr'><em>σμικροτατῳ</em></span> <span class='ocrx_word' id='word_1_477' title='bbox 491 2394 542 2433; x_wconf 70' lang='grc' dir='ltr'><em>ἄρα</em></span> <span class='ocrx_word' id='word_1_478' title='bbox 561 2397 633 2424; x_wconf 81' lang='grc' dir='ltr'><em>ἔθνει</em></span> <span class='ocrx_word' id='word_1_479' title='bbox 650 2398 694 2424; x_wconf 79' lang='grc' dir='ltr'><em>καὶ</em></span> <span class='ocrx_word' id='word_1_480' title='bbox 709 2399 779 2434; x_wconf 79' lang='grc' dir='ltr'><em>μέρει</em></span> <span class='ocrx_word' id='word_1_481' title='bbox 796 2397 887 2432; x_wconf 79' lang='grc' dir='ltr'><em>εαυτῆς</em></span> 
     </span>
     <span class='ocr_line' id='line_1_57' title="bbox 95 2437 883 2476; baseline 0.001 -10"><span class='ocrx_word' id='word_1_482' title='bbox 95 2438 139 2466; x_wconf 80' lang='grc' dir='ltr'><em>καὶ</em></span> <span class='ocrx_word' id='word_1_483' title='bbox 154 2438 185 2475; x_wconf 79' lang='grc' dir='ltr'><em>τῇ</em></span> <span class='ocrx_word' id='word_1_484' title='bbox 204 2441 230 2466; x_wconf 84' lang='grc' dir='ltr'><em>ἐν</em></span> <span class='ocrx_word' id='word_1_485' title='bbox 245 2449 328 2475; x_wconf 82' lang='grc' dir='ltr'><em>τουτῳ</em></span> <span class='ocrx_word' id='word_1_486' title='bbox 346 2437 484 2475; x_wconf 81' lang='grc' dir='ltr'><em>ἐπιστήμη,</em></span> <span class='ocrx_word' id='word_1_487' title='bbox 507 2437 542 2475; x_wconf 78' lang='grc' dir='ltr'><em>τῷ</em></span> <span class='ocrx_word' id='word_1_488' title='bbox 562 2439 707 2476; x_wconf 81' lang='grc' dir='ltr'><em>προεστῶτι</em></span> <span class='ocrx_word' id='word_1_489' title='bbox 728 2440 771 2466; x_wconf 82' lang='grc' dir='ltr'><em>καὶ</em></span> <span class='ocrx_word' id='word_1_490' title='bbox 789 2438 883 2476; x_wconf 88' lang='grc' dir='ltr'><em>α’ρχον-</em></span> 
     </span>
     <span class='ocr_line' id='line_1_58' title="bbox 95 2478 886 2531; baseline -0.001 -23"><span class='ocrx_word' id='word_1_491' title='bbox 95 2491 127 2512; x_wconf 83' lang='grc' dir='ltr'><em>τι,</em></span> <span class='ocrx_word' id='word_1_492' title='bbox 145 2478 190 2515; x_wconf 77' lang='grc' dir='ltr'><em>ὅλη</em></span> <span class='ocrx_word' id='word_1_493' title='bbox 208 2492 278 2531; x_wconf 83' lang='grc' dir='ltr'><em>σοφη</em></span> <span class='ocrx_word' id='word_1_494' title='bbox 296 2478 327 2508; x_wconf 74' lang='grc' dir='ltr'><em>ἄν</em></span> <span class='ocrx_word' id='word_1_495' title='bbox 344 2483 382 2515; x_wconf 80' lang='grc' dir='ltr'><em>εἴη</em></span> <span class='ocrx_word' id='word_1_496' title='bbox 399 2479 465 2508; x_wconf 85' lang='grc' dir='ltr'><em>κατὰ</em></span> <span class='ocrx_word' id='word_1_497' title='bbox 480 2479 559 2516; x_wconf 82' lang='grc' dir='ltr'><em>φύσιν</em></span> <span class='ocrx_word' id='word_1_498' title='bbox 573 2481 726 2509; x_wconf 80' lang='grc' dir='ltr'><em>οικισθεῖσα</em></span> <span class='ocrx_word' id='word_1_499' title='bbox 740 2480 824 2512; x_wconf 84' lang='grc' dir='ltr'><em>πόλις·</em></span> <span class='ocrx_word' id='word_1_500' title='bbox 843 2482 886 2508; x_wconf 81' lang='grc' dir='ltr'><em>καὶ</em></span> 
     </span>
     <span class='ocr_line' id='line_1_59' title="bbox 95 2519 886 2572; baseline 0 -22"><span class='ocrx_word' id='word_1_501' title='bbox 95 2521 184 2554; x_wconf 74' lang='grc' dir='ltr'><em>τοῦτο,</em></span> <span class='ocrx_word' id='word_1_502' title='bbox 207 2521 241 2553; x_wconf 83' lang='grc' dir='ltr'><em>ὦς</em></span> <span class='ocrx_word' id='word_1_503' title='bbox 259 2523 335 2555; x_wconf 76' lang='grc' dir='ltr'><em>ἔοικε,</em></span> <span class='ocrx_word' id='word_1_504' title='bbox 357 2522 434 2559; x_wconf 74' lang='grc' dir='ltr'><em>φύσει</em></span> <span class='ocrx_word' id='word_1_505' title='bbox 452 2520 582 2560; x_wconf 70' lang='grc' dir='ltr'><em>ὀλίγιστον</em></span> <span class='ocrx_word' id='word_1_506' title='bbox 598 2524 712 2561; x_wconf 72' lang='grc' dir='ltr'><em>γίγνεται</em></span> <span class='ocrx_word' id='word_1_507' title='bbox 728 2527 741 2540; x_wconf 85' lang='lat'>*</span> <span class='ocrx_word' id='word_1_508' title='bbox 758 2525 843 2572; x_wconf 76' lang='grc' dir='ltr'><em>γένος,</em></span> <span class='ocrx_word' id='word_1_509' title='bbox 866 2519 886 2550; x_wconf 79' lang='grc' dir='ltr'><em>ὦ</em></span> 
     </span>
     <span class='ocr_line' id='line_1_60' title="bbox 96 2562 883 2603; baseline 0.003 -12"><span class='ocrx_word' id='word_1_510' title='bbox 96 2563 213 2602; x_wconf 79' lang='grc' dir='ltr'><em>προςήκει</em></span> <span class='ocrx_word' id='word_1_511' title='bbox 229 2562 322 2599; x_wconf 81' lang='grc' dir='ltr'><em>ταύτης</em></span> <span class='ocrx_word' id='word_1_512' title='bbox 338 2564 382 2600; x_wconf 81' lang='grc' dir='ltr'><em>τῆς</em></span> <span class='ocrx_word' id='word_1_513' title='bbox 400 2563 538 2601; x_wconf 82' lang='grc' dir='ltr'><em>ἐπιστήμης</em></span> <span class='ocrx_word' id='word_1_514' title='bbox 553 2563 765 2603; x_wconf 75' lang='grc' dir='ltr'><em>μεταλαγχάνειν,</em></span> <span class='ocrx_word' id='word_1_515' title='bbox 788 2578 818 2600; x_wconf 89' lang='grc' dir='ltr'><em>ην</em></span> <span class='ocrx_word' id='word_1_516' title='bbox 833 2564 883 2602; x_wconf 85' lang='grc' dir='ltr'><em>μό-</em></span> 
     </span>
     <span class='ocr_line' id='line_1_61' title="bbox 97 2604 883 2657; baseline 0.003 -24"><span class='ocrx_word' id='word_1_517' title='bbox 97 2617 140 2641; x_wconf 86' lang='grc' dir='ltr'><em>νην</em></span> <span class='ocrx_word' id='word_1_518' title='bbox 157 2606 196 2634; x_wconf 82' lang='grc' dir='ltr'><em>δεῖ</em></span> <span class='ocrx_word' id='word_1_519' title='bbox 211 2605 261 2634; x_wconf 83' lang='grc' dir='ltr'><em>τῶν</em></span> <span class='ocrx_word' id='word_1_520' title='bbox 279 2604 360 2634; x_wconf 76' lang='grc' dir='ltr'><em>ἄλλων</em></span> <span class='ocrx_word' id='word_1_521' title='bbox 375 2606 520 2643; x_wconf 78' lang='grc' dir='ltr'><em>ἐπιστημῶν</em></span> <span class='ocrx_word' id='word_1_522' title='bbox 534 2609 631 2657; x_wconf 85' lang='grc' dir='ltr'><em>σοφίαν</em></span> <span class='ocrx_word' id='word_1_523' title='bbox 645 2609 792 2635; x_wconf 75' lang='grc' dir='ltr'><em>καλεῖσθαι.</em></span> <span class='ocrx_word' id='word_1_524' title='bbox 811 2610 883 2642; x_wconf 83' lang='grc' dir='ltr'><em>Λλη-</em></span> 
     </span>
     <span class='ocr_line' id='line_1_62' title="bbox 96 2648 885 2686; baseline 0.003 -11"><span class='ocrx_word' id='word_1_525' title='bbox 96 2650 224 2680; x_wconf 55' lang='lat' dir='ltr'><em>&amp;do-rata,</em></span> <span class='ocrx_word' id='word_1_526' title='bbox 244 2648 298 2684; x_wconf 77' lang='grc' dir='ltr'><em>ἔφη,</em></span> <span class='ocrx_word' id='word_1_527' title='bbox 316 2650 401 2686; x_wconf 82' lang='grc' dir='ltr'><em>λέγεις.</em></span> <span class='ocrx_word' id='word_1_528' title='bbox 435 2648 519 2676; x_wconf 86' lang='grc' dir='ltr'><em>Τοῦτο</em></span> <span class='ocrx_word' id='word_1_529' title='bbox 535 2650 583 2685; x_wconf 72' lang='grc' dir='ltr'><em>μὲν</em></span> <span class='ocrx_word' id='word_1_530' title='bbox 601 2648 662 2684; x_wconf 80' lang='grc' dir='ltr'><em>δὴ</em></span> <span class='ocrx_word' id='word_1_531' title='bbox 649 2661 674 2677; x_wconf 83' lang='grc' dir='ltr'><em>εν</em></span> <span class='ocrx_word' id='word_1_532' title='bbox 690 2649 741 2677; x_wconf 81' lang='grc' dir='ltr'><em>τῶν</em></span> <span class='ocrx_word' id='word_1_533' title='bbox 757 2661 885 2686; x_wconf 77' lang='grc' dir='ltr'><em>τετταρων</em></span> 
     </span>
     <span class='ocr_line' id='line_1_63' title="bbox 98 2688 885 2728; baseline 0.001 -10"><span class='ocrx_word' id='word_1_534' title='bbox 98 2688 143 2718; x_wconf 74' lang='grc' dir='ltr'><em>οὐκ</em></span> <span class='ocrx_word' id='word_1_535' title='bbox 160 2689 246 2718; x_wconf 80' lang='grc' dir='ltr'><em>οἶδα</em></span> <span class='ocrx_word' id='word_1_536' title='bbox 237 2689 322 2718; x_wconf 83' lang='grc' dir='ltr'><em>όντινα</em></span> <span class='ocrx_word' id='word_1_537' title='bbox 342 2689 439 2727; x_wconf 87' lang='grc' dir='ltr'><em>τρόπο7</em></span> <span class='ocrx_word' id='word_1_538' title='bbox 456 2689 606 2728; x_wconf 74' lang='grc' dir='ltr'><em>εὑρήκαμεν,</em></span> <span class='ocrx_word' id='word_1_539' title='bbox 631 2690 694 2720; x_wconf 86' lang='grc' dir='ltr'><em>αυτό</em></span> <span class='ocrx_word' id='word_1_540' title='bbox 712 2703 739 2719; x_wconf 82' lang='grc' dir='ltr'><em>τε</em></span> <span class='ocrx_word' id='word_1_541' title='bbox 756 2692 799 2719; x_wconf 75' lang='grc' dir='ltr'><em>καὶ</em></span> <span class='ocrx_word' id='word_1_542' title='bbox 817 2690 885 2720; x_wconf 84' lang='grc' dir='ltr'><em>ὅπου</em></span> 
     </span>
    </p>
   </div>
   <div class='ocr_carea' id='block_1_6' title="bbox 919 247 926 1090">
    <p class='ocr_par' dir='ltr' id='par_1_6' title="bbox 919 247 926 1090">
     <span class='ocr_line' id='line_1_64' title="bbox 919 247 926 1090; baseline 0 0"><span class='ocrx_word' id='word_1_543' title='bbox 919 247 926 1090; x_wconf 95' lang='lat' dir='ltr'><em> </em></span> 
     </span>
    </p>
   </div>
   <div class='ocr_carea' id='block_1_7' title="bbox 946 170 1740 582">
    <p class='ocr_par' dir='ltr' id='par_1_7' title="bbox 946 170 1740 582">
     <span class='ocr_line' id='line_1_65' title="bbox 1209 170 1739 198; baseline -0.002 -1"><span class='ocrx_word' id='word_1_544' title='bbox 1209 170 1257 198; x_wconf 81' lang='lat' dir='ltr'><em>IV.</em></span> <span class='ocrx_word' id='word_1_545' title='bbox 1691 171 1739 197; x_wconf 70' lang='lat'><em>323</em></span> 
     </span>
     <span class='ocr_line' id='line_1_66' title="bbox 948 248 1736 288; baseline 0.003 -12"><span class='ocrx_word' id='word_1_546' title='bbox 948 249 991 284; x_wconf 82' lang='grc' dir='ltr'><em>τῆς</em></span> <span class='ocrx_word' id='word_1_547' title='bbox 1008 248 1106 281; x_wconf 79' lang='grc' dir='ltr'><em>πόλεως</em></span> <span class='ocrx_word' id='word_1_548' title='bbox 1122 251 1228 287; x_wconf 69' lang='grc' dir='ltr'><em>ἵδρυται.</em></span> <span class='ocrx_word' id='word_1_549' title='bbox 1262 248 1332 287; x_wconf 82' lang='grc' dir='ltr'><em>Ἐμοὶ</em></span> <span class='ocrx_word' id='word_1_550' title='bbox 1348 250 1413 288; x_wconf 77' lang='grc' dir='ltr'><em>γοῦν</em></span> <span class='ocrx_word' id='word_1_551' title='bbox 1430 251 1506 283; x_wconf 79' lang='grc' dir='ltr'><em>δοκεῖ,</em></span> <span class='ocrx_word' id='word_1_552' title='bbox 1527 252 1581 286; x_wconf 74' lang='grc' dir='ltr'><em>ἔφη,</em></span> <span class='ocrx_word' id='word_1_553' title='bbox 1600 248 1736 288; x_wconf 73' lang='grc' dir='ltr'><em>ἀποχρών-</em></span> 
     </span>
     <span class='ocr_line' id='line_1_67' title="bbox 947 291 1740 331; baseline 0.003 -13"><span class='ocrx_word' id='word_1_554' title='bbox 947 302 996 322; x_wconf 75' lang='grc' dir='ltr'><em>τως</em></span> <span class='ocrx_word' id='word_1_555' title='bbox 1013 292 1151 328; x_wconf 74' lang='grc' dir='ltr'><em>εὑρῆσθαι.</em></span> <span class='ocrx_word' id='word_1_556' title='bbox 1181 299 1231 319; x_wconf 79' lang='lat' dir='ltr'>Vll.</span> <span class='ocrx_word' id='word_1_557' title='bbox 1250 292 1323 320; x_wconf 66' lang='grc' dir='ltr'><em>Ἀλλὰ</em></span> <span class='ocrx_word' id='word_1_558' title='bbox 1339 292 1389 329; x_wconf 70' lang='grc' dir='ltr'><em>μὴν</em></span> <span class='ocrx_word' id='word_1_559' title='bbox 1407 291 1509 330; x_wconf 75' lang='grc' dir='ltr'><em>ἀνδρεία</em></span> <span class='ocrx_word' id='word_1_560' title='bbox 1526 305 1556 331; x_wconf 82' lang='grc' dir='ltr'><em>γε</em></span> <span class='ocrx_word' id='word_1_561' title='bbox 1575 291 1637 328; x_wconf 75' lang='grc' dir='ltr'><em>αὐτή</em></span> <span class='ocrx_word' id='word_1_562' title='bbox 1652 304 1680 321; x_wconf 85' lang='grc' dir='ltr'><em>τε</em></span> <span class='ocrx_word' id='word_1_563' title='bbox 1696 293 1740 320; x_wconf 77' lang='grc' dir='ltr'><em>καὶ</em></span> 
     </span>
     <span class='ocr_line' id='line_1_68' title="bbox 948 329 1738 370; baseline 0.003 -10"><span class='ocrx_word' id='word_1_564' title='bbox 948 336 973 360; x_wconf 83' lang='grc' dir='ltr'><em>ἐν</em></span> <span class='ocrx_word' id='word_1_565' title='bbox 991 329 1010 370; x_wconf 72' lang='grc' dir='ltr'><em>ᾧ</em></span> <span class='ocrx_word' id='word_1_566' title='bbox 1027 337 1108 361; x_wconf 77' lang='grc' dir='ltr'><em>κεῖται</em></span> <span class='ocrx_word' id='word_1_567' title='bbox 1125 335 1169 369; x_wconf 81' lang='grc' dir='ltr'><em>τῆς</em></span> <span class='ocrx_word' id='word_1_568' title='bbox 1185 333 1295 367; x_wconf 79' lang='grc' dir='ltr'><em>πόλεως,</em></span> <span class='ocrx_word' id='word_1_569' title='bbox 1314 332 1343 362; x_wconf 68' lang='grc' dir='ltr'><em>δι’</em></span> <span class='ocrx_word' id='word_1_570' title='bbox 1361 333 1376 362; x_wconf 79' lang='grc' dir='ltr'>ὅ</span> <span class='ocrx_word' id='word_1_571' title='bbox 1394 334 1499 369; x_wconf 76' lang='grc' dir='ltr'><em>τοιαύτη</em></span> <span class='ocrx_word' id='word_1_572' title='bbox 1517 337 1607 370; x_wconf 80' lang='grc' dir='ltr'><em>κλητέα</em></span> <span class='ocrx_word' id='word_1_573' title='bbox 1624 333 1640 370; x_wconf 79' lang='grc' dir='ltr'>ἦ</span> <span class='ocrx_word' id='word_1_574' title='bbox 1657 334 1738 367; x_wconf 83' lang='grc' dir='ltr'><em>πόλις,</em></span> 
     </span>
     <span class='ocr_line' id='line_1_69' title="bbox 948 373 1738 415; baseline 0.003 -12"><span class='ocrx_word' id='word_1_575' title='bbox 948 374 979 403; x_wconf 82' lang='grc' dir='ltr'><em>οὐ</em></span> <span class='ocrx_word' id='word_1_576' title='bbox 998 387 1066 403; x_wconf 84' lang='grc' dir='ltr'><em>πανυ</em></span> <span class='ocrx_word' id='word_1_577' title='bbox 1081 375 1196 410; x_wconf 78' lang='grc' dir='ltr'><em>χαλεπὸν</em></span> <span class='ocrx_word' id='word_1_578' title='bbox 1214 377 1283 404; x_wconf 81' lang='grc' dir='ltr'><em>ἰδεῖν.</em></span> <span class='ocrx_word' id='word_1_579' title='bbox 1326 377 1389 407; x_wconf 78' lang='grc' dir='ltr'><em>Πῶς</em></span> <span class='ocrx_word' id='word_1_580' title='bbox 1407 376 1449 411; x_wconf 86' lang='grc' dir='ltr'><em>δη;</em></span> <span class='ocrx_word' id='word_1_581' title='bbox 1474 379 1516 408; x_wconf 89' lang='grc' dir='ltr'><em>Ίίς</em></span> <span class='ocrx_word' id='word_1_582' title='bbox 1535 376 1573 409; x_wconf 78' lang='grc' dir='ltr'><em>ἂν,</em></span> <span class='ocrx_word' id='word_1_583' title='bbox 1591 373 1622 413; x_wconf 77' lang='grc' dir='ltr'><em>ἦν</em></span> <span class='ocrx_word' id='word_1_584' title='bbox 1640 375 1663 405; x_wconf 78' lang='grc' dir='ltr'><em>δ’</em></span> <span class='ocrx_word' id='word_1_585' title='bbox 1681 376 1738 415; x_wconf 79' lang='grc' dir='ltr'><em>ἐγώ,</em></span> 
     </span>
     <span class='ocr_line' id='line_1_70' title="bbox 949 415 1736 469; baseline 0.004 -25"><span class='ocrx_word' id='word_1_586' title='bbox 949 422 952 437; x_wconf 89' lang='lat'>¹</span> <span class='ocrx_word' id='word_1_587' title='bbox 972 417 1008 448; x_wconf 81' lang='grc' dir='ltr'><em>εἷς</em></span> <span class='ocrx_word' id='word_1_588' title='bbox 1026 416 1087 446; x_wconf 86' lang='grc' dir='ltr'><em>α’λλο</em></span> <span class='ocrx_word' id='word_1_589' title='bbox 1106 430 1130 446; x_wconf 90' lang='grc' dir='ltr'><em>τι</em></span> <span class='ocrx_word' id='word_1_590' title='bbox 1148 415 1332 455; x_wconf 71' lang='grc' dir='ltr'><em>ἀποβλέψας</em></span> <span class='ocrx_word' id='word_1_591' title='bbox 1317 431 1332 453; x_wconf 86' lang='grc' dir='ltr'><em>η</em></span> <span class='ocrx_word' id='word_1_592' title='bbox 1351 417 1463 469; x_wconf 51' lang='lat' dir='ltr'><em>§eci-512¹*</em></span> <span class='ocrx_word' id='word_1_593' title='bbox 1448 431 1463 453; x_wconf 83' lang='grc' dir='ltr'><em>η</em></span> <span class='ocrx_word' id='word_1_594' title='bbox 1479 417 1597 457; x_wconf 84' lang='grc' dir='ltr'><em>ανδρείαν</em></span> <span class='ocrx_word' id='word_1_595' title='bbox 1611 419 1686 447; x_wconf 86' lang='grc' dir='ltr'><em>πόλιν</em></span> <span class='ocrx_word' id='word_1_596' title='bbox 1700 422 1736 447; x_wconf 81' lang='grc' dir='ltr'><em>εί-</em></span> 
     </span>
     <span class='ocr_line' id='line_1_71' title="bbox 946 457 1738 509; baseline 0.004 -23"><span class='ocrx_word' id='word_1_597' title='bbox 946 471 993 486; x_wconf 88' lang='grc' dir='ltr'><em>ποι</em></span> <span class='ocrx_word' id='word_1_598' title='bbox 1015 457 1067 486; x_wconf 76' lang='grc' dir='ltr'><em>ἀλλ’</em></span> <span class='ocrx_word' id='word_1_599' title='bbox 1088 458 1102 494; x_wconf 81' lang='grc' dir='ltr'><em>ἢ</em></span> <span class='ocrx_word' id='word_1_600' title='bbox 1124 460 1160 491; x_wconf 81' lang='grc' dir='ltr'><em>εἷς</em></span> <span class='ocrx_word' id='word_1_601' title='bbox 1180 460 1257 488; x_wconf 78' lang='grc' dir='ltr'><em>τοῦτο</em></span> <span class='ocrx_word' id='word_1_602' title='bbox 1277 460 1306 488; x_wconf 85' lang='grc' dir='ltr'><em>τὸ</em></span> <span class='ocrx_word' id='word_1_603' title='bbox 1327 471 1415 497; x_wconf 87' lang='grc' dir='ltr'><em>μερος,</em></span> <span class='ocrx_word' id='word_1_604' title='bbox 1429 459 1454 509; x_wconf 33' lang='grc' dir='ltr'><em>’,ὅ</em></span> <span class='ocrx_word' id='word_1_605' title='bbox 1476 464 1635 498; x_wconf 80' lang='grc' dir='ltr'><em>προπολεμεῖ</em></span> <span class='ocrx_word' id='word_1_606' title='bbox 1652 473 1678 489; x_wconf 86' lang='grc' dir='ltr'><em>τε</em></span> <span class='ocrx_word' id='word_1_607' title='bbox 1695 463 1738 489; x_wconf 83' lang='grc' dir='ltr'><em>καὶ</em></span> 
     </span>
     <span class='ocr_line' id='line_1_72' title="bbox 948 500 1736 539; baseline 0.004 -11"><span class='ocrx_word' id='word_1_608' title='bbox 948 513 1114 538; x_wconf 83' lang='grc' dir='ltr'><em>στρατευεται</em></span> <span class='ocrx_word' id='word_1_609' title='bbox 1133 500 1198 539; x_wconf 74' lang='grc' dir='ltr'><em>’ὑπὲρ</em></span> <span class='ocrx_word' id='word_1_610' title='bbox 1221 500 1310 536; x_wconf 71' lang='grc' dir='ltr'><em>αὖτηςς</em></span> <span class='ocrx_word' id='word_1_611' title='bbox 1340 501 1401 530; x_wconf 88' lang='grc' dir='ltr'><em>Ουδ</em></span> <span class='ocrx_word' id='word_1_612' title='bbox 1423 501 1454 530; x_wconf 75' lang='grc' dir='ltr'><em>ἄν</em></span> <span class='ocrx_word' id='word_1_613' title='bbox 1471 507 1516 535; x_wconf 75' lang='grc' dir='ltr'><em>εἰς,</em></span> <span class='ocrx_word' id='word_1_614' title='bbox 1541 505 1599 539; x_wconf 73' lang='grc' dir='ltr'><em>ἔφη,</em></span> <span class='ocrx_word' id='word_1_615' title='bbox 1622 504 1657 535; x_wconf 79' lang='grc' dir='ltr'><em>εἰς</em></span> <span class='ocrx_word' id='word_1_616' title='bbox 1676 502 1736 532; x_wconf 90' lang='grc' dir='ltr'><em>α’λλο</em></span> 
     </span>
     <span class='ocr_line' id='line_1_73' title="bbox 946 541 1736 582; baseline 0.005 -12"><span class='ocrx_word' id='word_1_617' title='bbox 946 555 976 570; x_wconf 91' lang='grc' dir='ltr'><em>τι</em></span> <span class='ocrx_word' id='word_1_618' title='bbox 1024 541 1060 571; x_wconf 79' lang='grc' dir='ltr'><em>Οὗ</em></span> <span class='ocrx_word' id='word_1_619' title='bbox 1076 555 1135 581; x_wconf 86' lang='grc' dir='ltr'><em>γαρ,</em></span> <span class='ocrx_word' id='word_1_620' title='bbox 1155 547 1234 580; x_wconf 79' lang='grc' dir='ltr'><em>οἶμαι,</em></span> <span class='ocrx_word' id='word_1_621' title='bbox 1253 541 1333 575; x_wconf 78' lang='grc' dir='ltr'><em>εἶπον,</em></span> <span class='ocrx_word' id='word_1_622' title='bbox 1353 556 1378 572; x_wconf 90' lang='grc' dir='ltr'><em>οι</em></span> <span class='ocrx_word' id='word_1_623' title='bbox 1394 556 1423 582; x_wconf 90' lang='grc' dir='ltr'><em>γε</em></span> <span class='ocrx_word' id='word_1_624' title='bbox 1443 543 1515 572; x_wconf 68' lang='grc' dir='ltr'><em>ἄλλοι</em></span> <span class='ocrx_word' id='word_1_625' title='bbox 1533 549 1558 572; x_wconf 77' lang='grc' dir='ltr'><em>ἐν</em></span> <span class='ocrx_word' id='word_1_626' title='bbox 1577 544 1640 582; x_wconf 79' lang='grc' dir='ltr'><em>αυτῇ</em></span> <span class='ocrx_word' id='word_1_627' title='bbox 1656 544 1671 581; x_wconf 81' lang='grc' dir='ltr'><em>ἢ</em></span> <span class='ocrx_word' id='word_1_628' title='bbox 1686 547 1736 574; x_wconf 89' lang='grc' dir='ltr'><em>δει-</em></span> 
     </span>
    </p>
   </div>
   <div class='ocr_carea' id='block_1_8' title="bbox 947 583 1779 623">
    <p class='ocr_par' dir='ltr' id='par_1_8' title="bbox 947 583 1779 623">
     <span class='ocr_line' id='line_1_74' title="bbox 947 583 1779 623; baseline 0.004 -11"><span class='ocrx_word' id='word_1_629' title='bbox 947 586 986 612; x_wconf 93' lang='grc' dir='ltr'><em>λοι</em></span> <span class='ocrx_word' id='word_1_630' title='bbox 1007 597 1022 620; x_wconf 91' lang='grc' dir='ltr'><em>η</em></span> <span class='ocrx_word' id='word_1_631' title='bbox 1045 583 1157 622; x_wconf 74' lang='grc' dir='ltr'><em>ἀνδρεῖοι</em></span> <span class='ocrx_word' id='word_1_632' title='bbox 1179 584 1250 616; x_wconf 83' lang='grc' dir='ltr'><em>ὀντες</em></span> <span class='ocrx_word' id='word_1_633' title='bbox 1267 597 1349 623; x_wconf 88' lang='grc' dir='ltr'><em>κυριοι</em></span> <span class='ocrx_word' id='word_1_634' title='bbox 1367 598 1398 613; x_wconf 84' lang='grc' dir='ltr'><em>αν</em></span> <span class='ocrx_word' id='word_1_635' title='bbox 1415 597 1464 614; x_wconf 86' lang='grc' dir='ltr'><em>ειει</em></span> <span class='ocrx_word' id='word_1_636' title='bbox 1482 599 1496 621; x_wconf 91' lang='grc' dir='ltr'><em>η</em></span> <span class='ocrx_word' id='word_1_637' title='bbox 1514 589 1587 615; x_wconf 83' lang='grc' dir='ltr'><em>τοίαν</em></span> <span class='ocrx_word' id='word_1_638' title='bbox 1605 586 1683 622; x_wconf 80' lang='grc' dir='ltr'><em>αυτὴν</em></span> <span class='ocrx_word' id='word_1_639' title='bbox 1700 586 1735 615; x_wconf 75' lang='grc' dir='ltr'><em>εἷ-</em></span> <span class='ocrx_word' id='word_1_640' title='bbox 1771 594 1779 600; x_wconf 77' lang='lat'><strong><em>‘</em></strong></span> 
     </span>
    </p>
   </div>
   <div class='ocr_carea' id='block_1_9' title="bbox 1008 625 1019 634">
    <p class='ocr_par' dir='ltr' id='par_1_9' title="bbox 1008 625 1019 634">
     <span class='ocr_line' id='line_1_75' title="bbox 1008 625 1019 634; baseline 0 0"><span class='ocrx_word' id='word_1_641' title='bbox 1008 625 1019 634; x_wconf 74' lang='lat' dir='ltr'><em>-n</em></span> 
     </span>
    </p>
   </div>
   <div class='ocr_carea' id='block_1_10' title="bbox 935 625 1737 2765">
    <p class='ocr_par' dir='ltr' id='par_1_10' title="bbox 935 625 1737 2765">
     <span class='ocr_line' id='line_1_76' title="bbox 945 625 1737 667; baseline 0.004 -13"><span class='ocrx_word' id='word_1_642' title='bbox 945 638 987 654; x_wconf 85' lang='grc' dir='ltr'><em>ναι</em></span> <span class='ocrx_word' id='word_1_643' title='bbox 1004 639 1019 662; x_wconf 88' lang='grc' dir='ltr'><em>η</em></span> <span class='ocrx_word' id='word_1_644' title='bbox 1037 628 1117 655; x_wconf 81' lang='grc' dir='ltr'><em>τοίαν.</em></span> <span class='ocrx_word' id='word_1_645' title='bbox 1164 625 1200 655; x_wconf 79' lang='grc' dir='ltr'><em>Οὐ</em></span> <span class='ocrx_word' id='word_1_646' title='bbox 1217 626 1275 665; x_wconf 78' lang='grc' dir='ltr'><em>γάρ.</em></span> <span class='ocrx_word' id='word_1_647' title='bbox 1315 629 1370 655; x_wconf 87' lang='grc' dir='ltr'><em>Και</em></span> <span class='ocrx_word' id='word_1_648' title='bbox 1389 626 1419 655; x_wconf 71' lang='grc' dir='ltr'><em>ἄν</em></span> <span class='ocrx_word' id='word_1_649' title='bbox 1416 627 1522 665; x_wconf 72' lang='grc' dir='ltr'><em>διιεία</em></span> <span class='ocrx_word' id='word_1_650' title='bbox 1511 628 1561 666; x_wconf 83' lang='grc' dir='ltr'><em>α’ρα</em></span> <span class='ocrx_word' id='word_1_651' title='bbox 1579 629 1653 661; x_wconf 81' lang='grc' dir='ltr'><em>πόλις</em></span> <span class='ocrx_word' id='word_1_652' title='bbox 1668 632 1737 667; x_wconf 77' lang='grc' dir='ltr'><em>μέρει</em></span> 
     </span>
     <span class='ocr_line' id='line_1_77' title="bbox 945 668 1735 708; baseline 0.005 -12"><span class='ocrx_word' id='word_1_653' title='bbox 945 669 993 696; x_wconf 76' lang='grc' dir='ltr'><em>τινὶ</em></span> <span class='ocrx_word' id='word_1_654' title='bbox 1014 668 1104 704; x_wconf 75' lang='grc' dir='ltr'><em>ἑαυτῆς</em></span> <span class='ocrx_word' id='word_1_655' title='bbox 1125 670 1189 702; x_wconf 81' lang='grc' dir='ltr'><em>ἐστί,</em></span> <span class='ocrx_word' id='word_1_656' title='bbox 1213 669 1254 696; x_wconf 81' lang='grc' dir='ltr'><em>διὰ</em></span> <span class='ocrx_word' id='word_1_657' title='bbox 1276 668 1306 697; x_wconf 82' lang='grc' dir='ltr'><em>τὸ</em></span> <span class='ocrx_word' id='word_1_658' title='bbox 1330 672 1356 697; x_wconf 85' lang='grc' dir='ltr'><em>ἐν</em></span> <span class='ocrx_word' id='word_1_659' title='bbox 1377 672 1459 707; x_wconf 81' lang='grc' dir='ltr'><em>ἐκείνῳ</em></span> <span class='ocrx_word' id='word_1_660' title='bbox 1479 672 1542 705; x_wconf 65' lang='grc' dir='ltr'><em>ἔχειν</em></span> <span class='ocrx_word' id='word_1_661' title='bbox 1560 671 1664 708; x_wconf 61' lang='grc' dir='ltr'><em>δύναμιν</em></span> <span class='ocrx_word' id='word_1_662' title='bbox 1681 684 1735 700; x_wconf 88' lang='grc' dir='ltr'><em>τοι-</em></span> 
     </span>
     <span class='ocr_line' id='line_1_78' title="bbox 946 709 1734 749; baseline 0.005 -12"><span class='ocrx_word' id='word_1_663' title='bbox 946 709 1031 746; x_wconf 80' lang='grc' dir='ltr'><em>αύτην,</em></span> <span class='ocrx_word' id='word_1_664' title='bbox 1050 709 1065 746; x_wconf 83' lang='grc' dir='ltr'><em>ἣ</em></span> <span class='ocrx_word' id='word_1_665' title='bbox 1083 710 1125 738; x_wconf 83' lang='grc' dir='ltr'><em>διὰ</em></span> <span class='ocrx_word' id='word_1_666' title='bbox 1142 710 1241 742; x_wconf 88' lang='grc' dir='ltr'><em>παντὸς</em></span> <span class='ocrx_word' id='word_1_667' title='bbox 1259 710 1338 739; x_wconf 77' lang='grc' dir='ltr'><em>σώσει</em></span> <span class='ocrx_word' id='word_1_668' title='bbox 1355 711 1400 747; x_wconf 85' lang='grc' dir='ltr'><em>τὴν</em></span> <span class='ocrx_word' id='word_1_669' title='bbox 1419 718 1422 732; x_wconf 89' lang='lat'>¹</span> <span class='ocrx_word' id='word_1_670' title='bbox 1441 713 1500 749; x_wconf 77' lang='grc' dir='ltr'><em>περὶ</em></span> <span class='ocrx_word' id='word_1_671' title='bbox 1518 713 1567 740; x_wconf 76' lang='grc' dir='ltr'><em>τῶν</em></span> <span class='ocrx_word' id='word_1_672' title='bbox 1584 713 1671 741; x_wconf 73' lang='grc' dir='ltr'><em>δεινῶν</em></span> <span class='ocrx_word' id='word_1_673' title='bbox 1691 713 1734 741; x_wconf 84' lang='grc' dir='ltr'><em>δό-</em></span> 
     </span>
     <span class='ocr_line' id='line_1_79' title="bbox 945 751 1736 787; baseline 0.004 -7"><span class='ocrx_word' id='word_1_674' title='bbox 945 754 999 785; x_wconf 85' lang='grc' dir='ltr'><em>ξαν,</em></span> <span class='ocrx_word' id='word_1_675' title='bbox 1018 751 1101 780; x_wconf 80' lang='grc' dir='ltr'><em>ταῦτά</em></span> <span class='ocrx_word' id='word_1_676' title='bbox 1118 764 1145 781; x_wconf 80' lang='grc' dir='ltr'><em>τε</em></span> <span class='ocrx_word' id='word_1_677' title='bbox 1164 751 1229 781; x_wconf 78' lang='grc' dir='ltr'><em>αὐτὰ</em></span> <span class='ocrx_word' id='word_1_678' title='bbox 1247 764 1311 781; x_wconf 80' lang='grc' dir='ltr'><em>ειναι</em></span> <span class='ocrx_word' id='word_1_679' title='bbox 1328 754 1371 781; x_wconf 82' lang='grc' dir='ltr'><em>καὶ</em></span> <span class='ocrx_word' id='word_1_680' title='bbox 1389 754 1504 787; x_wconf 79' lang='grc' dir='ltr'><em>τοιαῦτα,</em></span> <span class='ocrx_word' id='word_1_681' title='bbox 1524 754 1541 781; x_wconf 87' lang='grc' dir='ltr'><em>α’</em></span> <span class='ocrx_word' id='word_1_682' title='bbox 1558 767 1584 783; x_wconf 83' lang='grc' dir='ltr'><em>τε</em></span> <span class='ocrx_word' id='word_1_683' title='bbox 1602 767 1646 783; x_wconf 87' lang='grc' dir='ltr'><em>και</em></span> <span class='ocrx_word' id='word_1_684' title='bbox 1664 754 1705 783; x_wconf 82' lang='grc' dir='ltr'><em>οἷα</em></span> <span class='ocrx_word' id='word_1_685' title='bbox 1723 754 1736 783; x_wconf 89' lang='lat'><em>5</em></span> 
     </span>
     <span class='ocr_line' id='line_1_80' title="bbox 944 794 1733 833; baseline 0.004 -11"><span class='ocrx_word' id='word_1_686' title='bbox 944 797 1091 831; x_wconf 70' lang='grc' dir='ltr'><em>νομοθέτης</em></span> <span class='ocrx_word' id='word_1_687' title='bbox 1107 794 1276 833; x_wconf 71' lang='grc' dir='ltr'><em>παρήγγειλεν</em></span> <span class='ocrx_word' id='word_1_688' title='bbox 1294 798 1320 823; x_wconf 84' lang='grc' dir='ltr'><em>ἐν</em></span> <span class='ocrx_word' id='word_1_689' title='bbox 1336 796 1368 832; x_wconf 79' lang='grc' dir='ltr'><em>τῇ</em></span> <span class='ocrx_word' id='word_1_690' title='bbox 1385 797 1494 832; x_wconf 81' lang='grc' dir='ltr'><em>παιδείᾳ.</em></span> <span class='ocrx_word' id='word_1_691' title='bbox 1516 796 1530 832; x_wconf 83' lang='grc' dir='ltr'><em>ἢ</em></span> <span class='ocrx_word' id='word_1_692' title='bbox 1549 809 1580 825; x_wconf 91' lang='grc' dir='ltr'><em>ου</em></span> <span class='ocrx_word' id='word_1_693' title='bbox 1595 809 1672 825; x_wconf 89' lang='grc' dir='ltr'><em>τουτο</em></span> <span class='ocrx_word' id='word_1_694' title='bbox 1689 796 1733 825; x_wconf 78' lang='grc' dir='ltr'><em>ἀν-</em></span> 
     </span>
     <span class='ocr_line' id='line_1_81' title="bbox 945 835 1734 886; baseline 0.003 -22"><span class='ocrx_word' id='word_1_695' title='bbox 945 837 1030 877; x_wconf 85' lang='grc' dir='ltr'><em>δρείαν</em></span> <span class='ocrx_word' id='word_1_696' title='bbox 1051 839 1146 870; x_wconf 76' lang='grc' dir='ltr'><em>καλεῖςς</em></span> <span class='ocrx_word' id='word_1_697' title='bbox 1177 835 1213 865; x_wconf 77' lang='grc' dir='ltr'><em>Οὐ</em></span> <span class='ocrx_word' id='word_1_698' title='bbox 1234 849 1314 870; x_wconf 84' lang='grc' dir='ltr'><em>πανυ,</em></span> <span class='ocrx_word' id='word_1_699' title='bbox 1338 839 1396 886; x_wconf 71' lang='grc' dir='ltr'><em>ἔφη,</em></span> <span class='ocrx_word' id='word_1_700' title='bbox 1421 839 1524 875; x_wconf 69' lang='grc' dir='ltr'><em>ἔμαθον</em></span> <span class='ocrx_word' id='word_1_701' title='bbox 1547 838 1562 867; x_wconf 86' lang='lat'><em>5</em></span> <span class='ocrx_word' id='word_1_702' title='bbox 1579 837 1658 871; x_wconf 77' lang='grc' dir='ltr'><em>εἶπες,</em></span> <span class='ocrx_word' id='word_1_703' title='bbox 1683 837 1734 866; x_wconf 90' lang='grc' dir='ltr'><em>αλλ</em></span> 
     </span>
     <span class='ocr_line' id='line_1_82' title="bbox 944 878 1736 918; baseline 0.004 -12"><span class='ocrx_word' id='word_1_704' title='bbox 944 880 1025 910; x_wconf 87' lang='grc' dir='ltr'><em>αυθις</em></span> <span class='ocrx_word' id='word_1_705' title='bbox 1046 879 1108 907; x_wconf 81' lang='grc' dir='ltr'><em>εἰπέ.</em></span> <span class='ocrx_word' id='word_1_706' title='bbox 1151 882 1286 917; x_wconf 89' lang='grc' dir='ltr'><em>Σωτηρίαν</em></span> <span class='ocrx_word' id='word_1_707' title='bbox 1308 878 1390 918; x_wconf 74' lang='grc' dir='ltr'><em>ἔγωγ,</em></span> <span class='ocrx_word' id='word_1_708' title='bbox 1409 878 1494 913; x_wconf 76' lang='grc' dir='ltr'><em>εἶπον,</em></span> <span class='ocrx_word' id='word_1_709' title='bbox 1517 883 1580 918; x_wconf 79' lang='grc' dir='ltr'><em>λέγω</em></span> <span class='ocrx_word' id='word_1_710' title='bbox 1597 880 1653 909; x_wconf 79' lang='grc' dir='ltr'><em>τινὰ</em></span> <span class='ocrx_word' id='word_1_711' title='bbox 1671 879 1736 909; x_wconf 72' lang='grc' dir='ltr'><em>εἶναι</em></span> 
     </span>
     <span class='ocr_line' id='line_1_83' title="bbox 943 919 1736 970; baseline 0.005 -22"><span class='ocrx_word' id='word_1_712' title='bbox 943 921 988 956; x_wconf 79' lang='grc' dir='ltr'><em>τὴν</em></span> <span class='ocrx_word' id='word_1_713' title='bbox 1013 919 1139 970; x_wconf 81' lang='grc' dir='ltr'><em>ἀνδρείαν.</em></span> <span class='ocrx_word' id='word_1_714' title='bbox 1182 923 1270 950; x_wconf 87' lang='grc' dir='ltr'><em>Ποίαν</em></span> <span class='ocrx_word' id='word_1_715' title='bbox 1296 921 1325 956; x_wconf 80' lang='grc' dir='ltr'><em>δὴ</em></span> <span class='ocrx_word' id='word_1_716' title='bbox 1352 924 1491 960; x_wconf 72' lang='grc' dir='ltr'><em>σωτηρίανς</em></span> <span class='ocrx_word' id='word_1_717' title='bbox 1521 922 1572 958; x_wconf 85' lang='grc' dir='ltr'><em>Τὴν</em></span> <span class='ocrx_word' id='word_1_718' title='bbox 1596 923 1641 959; x_wconf 83' lang='grc' dir='ltr'><em>τῆς</em></span> <span class='ocrx_word' id='word_1_719' title='bbox 1661 923 1736 958; x_wconf 82' lang='grc' dir='ltr'><em>δόξης</em></span> 
     </span>
     <span class='ocr_line' id='line_1_84' title="bbox 942 961 1736 1003; baseline 0.003 -12"><span class='ocrx_word' id='word_1_720' title='bbox 942 962 986 998; x_wconf 81' lang='grc' dir='ltr'><em>τῆς</em></span> <span class='ocrx_word' id='word_1_721' title='bbox 1007 961 1059 991; x_wconf 83' lang='lat' dir='ltr'><em>vn5</em></span> <span class='ocrx_word' id='word_1_722' title='bbox 1082 962 1163 1000; x_wconf 87' lang='grc' dir='ltr'><em>νόμου</em></span> <span class='ocrx_word' id='word_1_723' title='bbox 1185 963 1227 991; x_wconf 80' lang='grc' dir='ltr'><em>διὰ</em></span> <span class='ocrx_word' id='word_1_724' title='bbox 1248 963 1292 999; x_wconf 84' lang='grc' dir='ltr'><em>τῆς</em></span> <span class='ocrx_word' id='word_1_725' title='bbox 1312 965 1430 996; x_wconf 85' lang='grc' dir='ltr'><em>παιδείας</em></span> <span class='ocrx_word' id='word_1_726' title='bbox 1449 967 1585 1003; x_wconf 82' lang='grc' dir='ltr'><em>γεγονυίας</em></span> <span class='ocrx_word' id='word_1_727' title='bbox 1605 977 1662 1003; x_wconf 85' lang='grc' dir='ltr'><em>περι</em></span> <span class='ocrx_word' id='word_1_728' title='bbox 1685 966 1736 993; x_wconf 75' lang='grc' dir='ltr'><em>τῶν</em></span> 
     </span>
     <span class='ocr_line' id='line_1_85' title="bbox 943 1003 1733 1045; baseline 0.005 -13"><span class='ocrx_word' id='word_1_729' title='bbox 943 1005 1041 1037; x_wconf 75' lang='grc' dir='ltr'><em>δεινῶν,</em></span> <span class='ocrx_word' id='word_1_730' title='bbox 1065 1004 1082 1032; x_wconf 90' lang='grc' dir='ltr'><em>α’</em></span> <span class='ocrx_word' id='word_1_731' title='bbox 1103 1007 1131 1034; x_wconf 80' lang='grc' dir='ltr'><em>τέ</em></span> <span class='ocrx_word' id='word_1_732' title='bbox 1152 1009 1206 1034; x_wconf 82' lang='grc' dir='ltr'><em>ἐστι</em></span> <span class='ocrx_word' id='word_1_733' title='bbox 1223 1006 1266 1033; x_wconf 81' lang='grc' dir='ltr'><em>καὶ</em></span> <span class='ocrx_word' id='word_1_734' title='bbox 1284 1003 1334 1034; x_wconf 81' lang='grc' dir='ltr'><em>οἷα.</em></span> <span class='ocrx_word' id='word_1_735' title='bbox 1362 1006 1403 1034; x_wconf 83' lang='grc' dir='ltr'><em>διὰ</em></span> <span class='ocrx_word' id='word_1_736' title='bbox 1421 1006 1519 1038; x_wconf 83' lang='grc' dir='ltr'><em>παντὸς</em></span> <span class='ocrx_word' id='word_1_737' title='bbox 1537 1008 1563 1035; x_wconf 86' lang='grc' dir='ltr'><em>δὲ</em></span> <span class='ocrx_word' id='word_1_738' title='bbox 1582 1008 1668 1045; x_wconf 75' lang='grc' dir='ltr'><em>ἔλεγον</em></span> <span class='ocrx_word' id='word_1_739' title='bbox 1687 1006 1733 1036; x_wconf 78' lang='grc' dir='ltr'><em>αὖ·</em></span> 
     </span>
     <span class='ocr_line' id='line_1_86' title="bbox 942 1047 1732 1096; baseline 0.005 -22"><span class='ocrx_word' id='word_1_740' title='bbox 942 1058 987 1096; x_wconf 90' lang='grc' dir='ltr'><em>την</em></span> <span class='ocrx_word' id='word_1_741' title='bbox 1009 1048 1136 1085; x_wconf 85' lang='grc' dir='ltr'><em>σωτηρίαν</em></span> <span class='ocrx_word' id='word_1_742' title='bbox 1158 1047 1188 1076; x_wconf 88' lang='grc' dir='ltr'><em>τὸ</em></span> <span class='ocrx_word' id='word_1_743' title='bbox 1209 1048 1235 1075; x_wconf 77' lang='grc' dir='ltr'><em>ὲν</em></span> <span class='ocrx_word' id='word_1_744' title='bbox 1256 1060 1282 1076; x_wconf 81' lang='grc' dir='ltr'><em>τε</em></span> <span class='ocrx_word' id='word_1_745' title='bbox 1300 1047 1391 1080; x_wconf 87' lang='grc' dir='ltr'><em>λυπαις</em></span> <span class='ocrx_word' id='word_1_746' title='bbox 1409 1047 1471 1077; x_wconf 83' lang='grc' dir='ltr'><em>ὂντα</em></span> <span class='ocrx_word' id='word_1_747' title='bbox 1490 1048 1667 1082; x_wconf 77' lang='grc' dir='ltr'><em>διασωζεσθαι</em></span> <span class='ocrx_word' id='word_1_748' title='bbox 1686 1048 1732 1078; x_wconf 80' lang='grc' dir='ltr'><em>αὖ-</em></span> 
     </span>
     <span class='ocr_line' id='line_1_87' title="bbox 942 1088 1734 1128; baseline 0.005 -12"><span class='ocrx_word' id='word_1_749' title='bbox 942 1089 987 1124; x_wconf 84' lang='grc' dir='ltr'><em>τὴν</em></span> <span class='ocrx_word' id='word_1_750' title='bbox 1007 1089 1051 1116; x_wconf 79' lang='grc' dir='ltr'><em>καὶ</em></span> <span class='ocrx_word' id='word_1_751' title='bbox 1073 1093 1098 1117; x_wconf 82' lang='grc' dir='ltr'><em>ἐν</em></span> <span class='ocrx_word' id='word_1_752' title='bbox 1120 1095 1124 1110; x_wconf 97' lang='lat'>¹</span> <span class='ocrx_word' id='word_1_753' title='bbox 1147 1088 1251 1125; x_wconf 81' lang='grc' dir='ltr'><em>ἡδοναις</em></span> <span class='ocrx_word' id='word_1_754' title='bbox 1268 1102 1311 1118; x_wconf 87' lang='grc' dir='ltr'><em>και</em></span> <span class='ocrx_word' id='word_1_755' title='bbox 1329 1094 1355 1118; x_wconf 86' lang='grc' dir='ltr'><em>ἐν</em></span> <span class='ocrx_word' id='word_1_756' title='bbox 1372 1093 1522 1128; x_wconf 58' lang='grc' dir='ltr'><em>ἐπιθυμαις</em></span> <span class='ocrx_word' id='word_1_757' title='bbox 1539 1103 1582 1119; x_wconf 87' lang='grc' dir='ltr'><em>και</em></span> <span class='ocrx_word' id='word_1_758' title='bbox 1599 1095 1625 1119; x_wconf 79' lang='grc' dir='ltr'><em>ἐν</em></span> <span class='ocrx_word' id='word_1_759' title='bbox 1641 1090 1734 1128; x_wconf 80' lang='grc' dir='ltr'><em>φόβοις</em></span> 
     </span>
     <span class='ocr_line' id='line_1_88' title="bbox 941 1130 1733 1180; baseline 0.005 -22"><span class='ocrx_word' id='word_1_760' title='bbox 941 1143 984 1159; x_wconf 83' lang='grc' dir='ltr'><em>και</em></span> <span class='ocrx_word' id='word_1_761' title='bbox 1004 1143 1039 1180; x_wconf 86' lang='grc' dir='ltr'><em>μη</em></span> <span class='ocrx_word' id='word_1_762' title='bbox 1062 1130 1196 1168; x_wconf 77' lang='grc' dir='ltr'><em>ἐκβάλλειν.</em></span> <span class='ocrx_word' id='word_1_763' title='bbox 1224 1133 1243 1159; x_wconf 83' lang='grc' dir='ltr'><strong><em>ὡ</em></strong></span> <span class='ocrx_word' id='word_1_764' title='bbox 1265 1133 1292 1160; x_wconf 86' lang='grc' dir='ltr'><em>δέ</em></span> <span class='ocrx_word' id='word_1_765' title='bbox 1311 1145 1356 1169; x_wconf 92' lang='grc' dir='ltr'><em>μοι</em></span> <span class='ocrx_word' id='word_1_766' title='bbox 1375 1133 1470 1161; x_wconf 78' lang='grc' dir='ltr'><em>δοκεῖ</em></span> <span class='ocrx_word' id='word_1_767' title='bbox 1461 1132 1553 1170; x_wconf 85' lang='grc' dir='ltr'><em>όμοιον</em></span> <span class='ocrx_word' id='word_1_768' title='bbox 1569 1132 1633 1162; x_wconf 78' lang='grc' dir='ltr'><em>εἶναι</em></span> <span class='ocrx_word' id='word_1_769' title='bbox 1651 1136 1733 1162; x_wconf 80' lang='grc' dir='ltr'><em>ἐθέλω</em></span> 
     </span>
     <span class='ocr_line' id='line_1_89' title="bbox 943 1171 1732 1212; baseline 0.005 -12"><span class='ocrx_word' id='word_1_770' title='bbox 943 1171 1090 1206; x_wconf 78' lang='grc' dir='ltr'><em>ηἰπεικασαι,</em></span> <span class='ocrx_word' id='word_1_771' title='bbox 1109 1174 1132 1202; x_wconf 82' lang='grc' dir='ltr'><em>εἰ</em></span> <span class='ocrx_word' id='word_1_772' title='bbox 1150 1172 1241 1210; x_wconf 84' lang='grc' dir='ltr'><em>βουλει.</em></span> <span class='ocrx_word' id='word_1_773' title='bbox 1267 1174 1341 1202; x_wconf 82' lang='grc' dir='ltr'><em>Λλλὰ</em></span> <span class='ocrx_word' id='word_1_774' title='bbox 1360 1174 1492 1212; x_wconf 85' lang='grc' dir='ltr'><em>βουλομαι.</em></span> <span class='ocrx_word' id='word_1_775' title='bbox 1522 1174 1621 1204; x_wconf 78' lang='grc' dir='ltr'><em>Ουκοῦν</em></span> <span class='ocrx_word' id='word_1_776' title='bbox 1638 1174 1732 1208; x_wconf 71' lang='grc' dir='ltr'><em>οἶσθα,</em></span> 
     </span>
     <span class='ocr_line' id='line_1_90' title="bbox 941 1213 1734 1256; baseline 0.004 -13"><span class='ocrx_word' id='word_1_777' title='bbox 941 1216 972 1251; x_wconf 84' lang='grc' dir='ltr'><em>ἠν</em></span> <span class='ocrx_word' id='word_1_778' title='bbox 994 1213 1017 1243; x_wconf 85' lang='grc' dir='ltr'><em>δ</em></span> <span class='ocrx_word' id='word_1_779' title='bbox 1040 1215 1100 1254; x_wconf 77' lang='grc' dir='ltr'><em>ἐγω,</em></span> <span class='ocrx_word' id='word_1_780' title='bbox 1125 1215 1164 1244; x_wconf 79' lang='grc' dir='ltr'><em>ὅτι</em></span> <span class='ocrx_word' id='word_1_781' title='bbox 1182 1217 1208 1244; x_wconf 81' lang='grc' dir='ltr'><em>οἱ</em></span> <span class='ocrx_word' id='word_1_782' title='bbox 1226 1217 1327 1253; x_wconf 79' lang='grc' dir='ltr'><em>βαφεῖς,</em></span> <span class='ocrx_word' id='word_1_783' title='bbox 1351 1217 1454 1245; x_wconf 78' lang='grc' dir='ltr'><em>ἐπειδὰν</em></span> <span class='ocrx_word' id='word_1_784' title='bbox 1475 1218 1627 1254; x_wconf 78' lang='grc' dir='ltr'><em>βουληθῶσι</em></span> <span class='ocrx_word' id='word_1_785' title='bbox 1649 1218 1734 1256; x_wconf 80' lang='grc' dir='ltr'><em>βαψαι</em></span> 
     </span>
     <span class='ocr_line' id='line_1_91' title="bbox 942 1256 1733 1298; baseline 0.004 -13"><span class='ocrx_word' id='word_1_786' title='bbox 942 1258 996 1295; x_wconf 71' lang='grc' dir='ltr'><em>ἔρια</em></span> <span class='ocrx_word' id='word_1_787' title='bbox 1024 1256 1078 1289; x_wconf 68' lang='grc' dir='ltr'><em>ω’ςτ’</em></span> <span class='ocrx_word' id='word_1_788' title='bbox 1104 1256 1169 1286; x_wconf 76' lang='grc' dir='ltr'><em>εἶναι</em></span> <span class='ocrx_word' id='word_1_789' title='bbox 1197 1257 1324 1297; x_wconf 77' lang='grc' dir='ltr'><em>ἇλουργα,</em></span> <span class='ocrx_word' id='word_1_790' title='bbox 1350 1259 1455 1297; x_wconf 78' lang='grc' dir='ltr'><em>πρῶτον</em></span> <span class='ocrx_word' id='word_1_791' title='bbox 1474 1262 1521 1297; x_wconf 83' lang='grc' dir='ltr'><em>μὲν</em></span> <span class='ocrx_word' id='word_1_792' title='bbox 1542 1263 1686 1298; x_wconf 76' lang='grc' dir='ltr'><em>ἐκλέγονται</em></span> <span class='ocrx_word' id='word_1_793' title='bbox 1708 1265 1733 1288; x_wconf 83' lang='grc' dir='ltr'><em>ἐκ</em></span> 
     </span>
     <span class='ocr_line' id='line_1_92' title="bbox 941 1299 1731 1338; baseline 0.003 -10"><span class='ocrx_word' id='word_1_794' title='bbox 941 1299 1074 1328; x_wconf 75' lang='grc' dir='ltr'><em>τοσούτων</em></span> <span class='ocrx_word' id='word_1_795' title='bbox 1089 1312 1232 1338; x_wconf 85' lang='grc' dir='ltr'><em>χρωματων</em></span> <span class='ocrx_word' id='word_1_796' title='bbox 1247 1303 1309 1338; x_wconf 86' lang='grc' dir='ltr'><em>μίαν</em></span> <span class='ocrx_word' id='word_1_797' title='bbox 1326 1300 1404 1338; x_wconf 77' lang='grc' dir='ltr'><em>φύσιν</em></span> <span class='ocrx_word' id='word_1_798' title='bbox 1421 1301 1466 1337; x_wconf 82' lang='grc' dir='ltr'><em>τὴν</em></span> <span class='ocrx_word' id='word_1_799' title='bbox 1480 1302 1531 1330; x_wconf 81' lang='grc' dir='ltr'><em>τῶν</em></span> <span class='ocrx_word' id='word_1_800' title='bbox 1544 1302 1644 1335; x_wconf 79' lang='grc' dir='ltr'><em>λευκῶν,</em></span> <span class='ocrx_word' id='word_1_801' title='bbox 1664 1304 1731 1331; x_wconf 74' lang='grc' dir='ltr'><em>ἔπει-</em></span> 
     </span>
     <span class='ocr_line' id='line_1_93' title="bbox 941 1341 1731 1382; baseline 0.005 -13"><span class='ocrx_word' id='word_1_802' title='bbox 941 1354 972 1370; x_wconf 87' lang='grc' dir='ltr'><em>τα</em></span> <span class='ocrx_word' id='word_1_803' title='bbox 994 1341 1289 1380; x_wconf 77' lang='grc' dir='ltr'><em>προπαρασκευάζουσιν</em></span> <span class='ocrx_word' id='word_1_804' title='bbox 1311 1342 1357 1372; x_wconf 77' lang='grc' dir='ltr'><em>οὐκ</em></span> <span class='ocrx_word' id='word_1_805' title='bbox 1378 1342 1452 1382; x_wconf 80' lang='grc' dir='ltr'><em>ὀλίγῃ</em></span> <span class='ocrx_word' id='word_1_806' title='bbox 1473 1345 1624 1382; x_wconf 81' lang='grc' dir='ltr'><em>παρασκευῇ</em></span> <span class='ocrx_word' id='word_1_807' title='bbox 1646 1349 1731 1382; x_wconf 80' lang='grc' dir='ltr'><em>θερα-</em></span> 
     </span>
     <span class='ocr_line' id='line_1_94' title="bbox 941 1383 1732 1424; baseline 0.004 -12"><span class='ocrx_word' id='word_1_808' title='bbox 941 1383 1094 1417; x_wconf 77' lang='grc' dir='ltr'><em>πεύσαντες,</em></span> <span class='ocrx_word' id='word_1_809' title='bbox 1118 1384 1189 1416; x_wconf 80' lang='grc' dir='ltr'><em>ὅπως</em></span> <span class='ocrx_word' id='word_1_810' title='bbox 1206 1386 1304 1417; x_wconf 77' lang='grc' dir='ltr'><em>δέξεται</em></span> <span class='ocrx_word' id='word_1_811' title='bbox 1321 1385 1337 1414; x_wconf 79' lang='lat'><em>5¹</em></span> <span class='ocrx_word' id='word_1_812' title='bbox 1353 1398 1377 1414; x_wconf 92' lang='grc' dir='ltr'><em>τι</em></span> <span class='ocrx_word' id='word_1_813' title='bbox 1392 1385 1506 1424; x_wconf 75' lang='grc' dir='ltr'><em>μάλιστα</em></span> <span class='ocrx_word' id='word_1_814' title='bbox 1524 1387 1553 1415; x_wconf 84' lang='grc' dir='ltr'><em>τὸ</em></span> <span class='ocrx_word' id='word_1_815' title='bbox 1574 1386 1672 1420; x_wconf 69' lang='grc' dir='ltr'><em>ἄνθος,</em></span> <span class='ocrx_word' id='word_1_816' title='bbox 1690 1388 1732 1415; x_wconf 79' lang='grc' dir='ltr'><em>καὶ</em></span> 
     </span>
     <span class='ocr_line' id='line_1_95' title="bbox 941 1426 1732 1467; baseline 0.005 -13"><span class='ocrx_word' id='word_1_817' title='bbox 941 1439 1008 1454; x_wconf 86' lang='grc' dir='ltr'><em>ουτω</em></span> <span class='ocrx_word' id='word_1_818' title='bbox 1031 1426 1060 1462; x_wconf 83' lang='grc' dir='ltr'><em>δὴ</em></span> <span class='ocrx_word' id='word_1_819' title='bbox 1082 1426 1219 1463; x_wconf 75' lang='grc' dir='ltr'><em>βάπτουσι.</em></span> <span class='ocrx_word' id='word_1_820' title='bbox 1246 1440 1290 1455; x_wconf 77' lang='grc' dir='ltr'><em>και</em></span> <span class='ocrx_word' id='word_1_821' title='bbox 1312 1434 1316 1448; x_wconf 93' lang='lat'>¹</span> <span class='ocrx_word' id='word_1_822' title='bbox 1339 1427 1355 1456; x_wconf 82' lang='lat'><em>5</em></span> <span class='ocrx_word' id='word_1_823' title='bbox 1375 1431 1422 1465; x_wconf 81' lang='grc' dir='ltr'><em>μὲν</em></span> <span class='ocrx_word' id='word_1_824' title='bbox 1444 1427 1475 1457; x_wconf 80' lang='grc' dir='ltr'><em>ἂν</em></span> <span class='ocrx_word' id='word_1_825' title='bbox 1492 1428 1574 1466; x_wconf 77' lang='grc' dir='ltr'><em>τούτω</em></span> <span class='ocrx_word' id='word_1_826' title='bbox 1592 1430 1626 1466; x_wconf 76' lang='grc' dir='ltr'><em>τῷ</em></span> <span class='ocrx_word' id='word_1_827' title='bbox 1644 1429 1732 1467; x_wconf 84' lang='grc' dir='ltr'><em>τρόπω</em></span> 
     </span>
     <span class='ocr_line' id='line_1_96' title="bbox 941 1469 1733 1508; baseline 0.005 -12"><span class='ocrx_word' id='word_1_828' title='bbox 941 1469 1024 1506; x_wconf 78' lang='grc' dir='ltr'><em>βαφῆ,</em></span> <span class='ocrx_word' id='word_1_829' title='bbox 1048 1469 1204 1498; x_wconf 79' lang='grc' dir='ltr'><em>δευσοποιὸν</em></span> <span class='ocrx_word' id='word_1_830' title='bbox 1224 1472 1338 1508; x_wconf 82' lang='grc' dir='ltr'><em>γίγνεται</em></span> <span class='ocrx_word' id='word_1_831' title='bbox 1360 1470 1389 1499; x_wconf 88' lang='grc' dir='ltr'><em>τὸ</em></span> <span class='ocrx_word' id='word_1_832' title='bbox 1413 1471 1504 1507; x_wconf 83' lang='grc' dir='ltr'><em>βαφέν,</em></span> <span class='ocrx_word' id='word_1_833' title='bbox 1532 1484 1573 1499; x_wconf 91' lang='grc' dir='ltr'><em>και</em></span> <span class='ocrx_word' id='word_1_834' title='bbox 1601 1470 1616 1507; x_wconf 81' lang='grc' dir='ltr'>ἡ</span> <span class='ocrx_word' id='word_1_835' title='bbox 1642 1471 1733 1504; x_wconf 76' lang='grc' dir='ltr'><em>πλύσις</em></span> 
     </span>
     <span class='ocr_line' id='line_1_97' title="bbox 941 1509 1730 1561; baseline 0.004 -22"><span class='ocrx_word' id='word_1_836' title='bbox 941 1509 992 1539; x_wconf 73' lang='grc' dir='ltr'><em>οὔτ</em></span> <span class='ocrx_word' id='word_1_837' title='bbox 1015 1510 1075 1561; x_wconf 69' lang='grc' dir='ltr'><em>ἄνευ</em></span> <span class='ocrx_word' id='word_1_838' title='bbox 1092 1511 1230 1549; x_wconf 80' lang='grc' dir='ltr'><em>ρυμματων</em></span> <span class='ocrx_word' id='word_1_839' title='bbox 1248 1511 1306 1540; x_wconf 90' lang='grc' dir='ltr'><em>ου’τε</em></span> <span class='ocrx_word' id='word_1_840' title='bbox 1322 1512 1387 1550; x_wconf 80' lang='grc' dir='ltr'><em>μετὰ</em></span> <span class='ocrx_word' id='word_1_841' title='bbox 1405 1513 1542 1551; x_wconf 81' lang='grc' dir='ltr'><em>ρυμμάτων</em></span> <span class='ocrx_word' id='word_1_842' title='bbox 1560 1512 1665 1542; x_wconf 79' lang='grc' dir='ltr'><em>δύναται</em></span> <span class='ocrx_word' id='word_1_843' title='bbox 1683 1513 1730 1542; x_wconf 79' lang='grc' dir='ltr'><em>αὗ-</em></span> 
     </span>
     <span class='ocr_line' id='line_1_98' title="bbox 939 1552 1732 1592; baseline 0.004 -11"><span class='ocrx_word' id='word_1_844' title='bbox 939 1552 990 1581; x_wconf 81' lang='grc' dir='ltr'><em>τῶν</em></span> <span class='ocrx_word' id='word_1_845' title='bbox 1007 1552 1036 1581; x_wconf 90' lang='grc' dir='ltr'><em>τὸ</em></span> <span class='ocrx_word' id='word_1_846' title='bbox 1057 1566 1088 1581; x_wconf 70' lang='grc' dir='ltr'><em>αι</em></span> <span class='ocrx_word' id='word_1_847' title='bbox 1092 1557 1143 1585; x_wconf 86' lang='grc' dir='ltr'><em>θος</em></span> <span class='ocrx_word' id='word_1_848' title='bbox 1162 1552 1348 1591; x_wconf 82' lang='grc' dir='ltr'><em>αφαιρεῖσθαι·</em></span> <span class='ocrx_word' id='word_1_849' title='bbox 1377 1554 1393 1582; x_wconf 77' lang='grc' dir='ltr'>ἅ</span> <span class='ocrx_word' id='word_1_850' title='bbox 1415 1554 1439 1582; x_wconf 74' lang='grc' dir='ltr'><em>δ’</em></span> <span class='ocrx_word' id='word_1_851' title='bbox 1461 1568 1492 1583; x_wconf 82' lang='grc' dir='ltr'><em>αν</em></span> <span class='ocrx_word' id='word_1_852' title='bbox 1512 1555 1558 1592; x_wconf 79' lang='grc' dir='ltr'><em>μή,</em></span> <span class='ocrx_word' id='word_1_853' title='bbox 1581 1555 1667 1585; x_wconf 72' lang='grc' dir='ltr'><em>οἶσθα</em></span> <span class='ocrx_word' id='word_1_854' title='bbox 1689 1554 1732 1585; x_wconf 77' lang='grc' dir='ltr'><em>οἷα</em></span> 
     </span>
     <span class='ocr_line' id='line_1_99' title="bbox 940 1595 1732 1635; baseline 0.006 -13"><span class='ocrx_word' id='word_1_855' title='bbox 940 1595 970 1630; x_wconf 81' lang='grc' dir='ltr'><em>δὴ</em></span> <span class='ocrx_word' id='word_1_856' title='bbox 991 1597 1116 1634; x_wconf 75' lang='grc' dir='ltr'><em>γίγνεται,</em></span> <span class='ocrx_word' id='word_1_857' title='bbox 1140 1595 1184 1624; x_wconf 73' lang='grc' dir='ltr'><em>εὀἷν</em></span> <span class='ocrx_word' id='word_1_858' title='bbox 1201 1598 1229 1624; x_wconf 78' lang='grc' dir='ltr'><strong><em>τὲ</em></strong></span> <span class='ocrx_word' id='word_1_859' title='bbox 1245 1608 1282 1628; x_wconf 89' lang='grc' dir='ltr'><em>τις</em></span> <span class='ocrx_word' id='word_1_860' title='bbox 1300 1596 1364 1624; x_wconf 67' lang='grc' dir='ltr'><em>ἄλλα</em></span> <span class='ocrx_word' id='word_1_861' title='bbox 1384 1597 1508 1635; x_wconf 82' lang='grc' dir='ltr'><em>χρώματα</em></span> <span class='ocrx_word' id='word_1_862' title='bbox 1532 1597 1617 1635; x_wconf 76' lang='grc' dir='ltr'><em>βάπτῃ</em></span> <span class='ocrx_word' id='word_1_863' title='bbox 1640 1598 1684 1627; x_wconf 76' lang='grc' dir='ltr'><em>ἐάν</em></span> <span class='ocrx_word' id='word_1_864' title='bbox 1705 1611 1732 1627; x_wconf 86' lang='grc' dir='ltr'><em>τε</em></span> 
     </span>
     <span class='ocr_line' id='line_1_100' title="bbox 938 1637 1732 1676; baseline 0.005 -11"><span class='ocrx_word' id='word_1_865' title='bbox 938 1638 982 1665; x_wconf 73' lang='grc' dir='ltr'><em>καὶ</em></span> <span class='ocrx_word' id='word_1_866' title='bbox 999 1638 1082 1666; x_wconf 76' lang='grc' dir='ltr'><em>ταῦτα</em></span> <span class='ocrx_word' id='word_1_867' title='bbox 1097 1637 1132 1675; x_wconf 84' lang='grc' dir='ltr'><em>μὴ</em></span> <span class='ocrx_word' id='word_1_868' title='bbox 1146 1638 1377 1676; x_wconf 70' lang='grc' dir='ltr'><em>προθεραπεύσας.</em></span> <span class='ocrx_word' id='word_1_869' title='bbox 1403 1638 1474 1672; x_wconf 75' lang='grc' dir='ltr'><em>Οἶδα,</em></span> <span class='ocrx_word' id='word_1_870' title='bbox 1494 1641 1548 1676; x_wconf 74' lang='grc' dir='ltr'><em>ἔφη,</em></span> <span class='ocrx_word' id='word_1_871' title='bbox 1568 1640 1607 1669; x_wconf 83' lang='grc' dir='ltr'><em>ὅτι</em></span> <span class='ocrx_word' id='word_1_872' title='bbox 1623 1642 1732 1669; x_wconf 78' lang='grc' dir='ltr'><em>ἔκπλυτα</em></span> 
     </span>
     <span class='ocr_line' id='line_1_101' title="bbox 939 1677 1730 1731; baseline 0.005 -24"><span class='ocrx_word' id='word_1_873' title='bbox 939 1692 982 1707; x_wconf 88' lang='grc' dir='ltr'><em>και</em></span> <span class='ocrx_word' id='word_1_874' title='bbox 998 1682 1096 1718; x_wconf 79' lang='grc' dir='ltr'><em>γελοῖα.</em></span> <span class='ocrx_word' id='word_1_875' title='bbox 1134 1681 1261 1709; x_wconf 73' lang='grc' dir='ltr'><em>Τοιοῦτον</em></span> <span class='ocrx_word' id='word_1_876' title='bbox 1278 1683 1370 1714; x_wconf 81' lang='grc' dir='ltr'><em>τοίνυν,</em></span> <span class='ocrx_word' id='word_1_877' title='bbox 1389 1677 1435 1731; x_wconf 46' lang='lat' dir='ltr'><em>‘&#39;J’&#39;—</em></span> <span class='ocrx_word' id='word_1_878' title='bbox 1437 1680 1461 1709; x_wconf 89' lang='grc' dir='ltr'><em>δ</em></span> <span class='ocrx_word' id='word_1_879' title='bbox 1479 1681 1535 1731; x_wconf 74' lang='grc' dir='ltr'><em>ἐγω,</em></span> <span class='ocrx_word' id='word_1_880' title='bbox 1553 1681 1668 1719; x_wconf 70' lang='grc' dir='ltr'><em>ὑπόλαβε</em></span> <span class='ocrx_word' id='word_1_881' title='bbox 1683 1696 1730 1711; x_wconf 87' lang='grc' dir='ltr'><em>κα-</em></span> 
     </span>
     <span class='ocr_line' id='line_1_102' title="bbox 938 1721 1731 1763; baseline 0.005 -14"><span class='ocrx_word' id='word_1_882' title='bbox 938 1722 970 1750; x_wconf 78' lang='grc' dir='ltr'><em>τὰ</em></span> <span class='ocrx_word' id='word_1_883' title='bbox 999 1721 1103 1759; x_wconf 78' lang='grc' dir='ltr'><em>δύναμιν</em></span> <span class='ocrx_word' id='word_1_884' title='bbox 1129 1722 1289 1761; x_wconf 79' lang='grc' dir='ltr'><em>ἐργάζεσθαι</em></span> <span class='ocrx_word' id='word_1_885' title='bbox 1314 1725 1357 1751; x_wconf 78' lang='grc' dir='ltr'><em>καὶ</em></span> <span class='ocrx_word' id='word_1_886' title='bbox 1383 1722 1460 1761; x_wconf 75' lang='grc' dir='ltr'><em>ἡμᾶς,</em></span> <span class='ocrx_word' id='word_1_887' title='bbox 1488 1723 1530 1752; x_wconf 81' lang='grc' dir='ltr'><em>ὅτε</em></span> <span class='ocrx_word' id='word_1_888' title='bbox 1558 1724 1731 1763; x_wconf 76' lang='grc' dir='ltr'><em>ἐξελεγόμεθα</em></span> 
     </span>
     <span class='ocr_line' id='line_1_103' title="bbox 938 1763 1728 1813; baseline 0.004 -21"><span class='ocrx_word' id='word_1_889' title='bbox 938 1764 999 1796; x_wconf 79' lang='grc' dir='ltr'><em>τοὺς</em></span> <span class='ocrx_word' id='word_1_890' title='bbox 1021 1763 1180 1813; x_wconf 81' lang='grc' dir='ltr'><em>στρατιώτας</em></span> <span class='ocrx_word' id='word_1_891' title='bbox 1201 1778 1244 1793; x_wconf 85' lang='grc' dir='ltr'><em>και</em></span> <span class='ocrx_word' id='word_1_892' title='bbox 1267 1765 1434 1803; x_wconf 83' lang='grc' dir='ltr'><em>ἑπαιδευομεν</em></span> <span class='ocrx_word' id='word_1_893' title='bbox 1456 1770 1469 1784; x_wconf 81' lang='lat'>*</span> <span class='ocrx_word' id='word_1_894' title='bbox 1489 1767 1601 1804; x_wconf 83' lang='grc' dir='ltr'><em>μουσικῇ</em></span> <span class='ocrx_word' id='word_1_895' title='bbox 1622 1780 1665 1795; x_wconf 90' lang='grc' dir='ltr'><em>και</em></span> <span class='ocrx_word' id='word_1_896' title='bbox 1681 1780 1728 1806; x_wconf 77' lang='grc' dir='ltr'><em>γυ-</em></span> 
     </span>
     <span class='ocr_line' id='line_1_104' title="bbox 937 1807 1731 1847; baseline 0.005 -14"><span class='ocrx_word' id='word_1_897' title='bbox 937 1807 1072 1843; x_wconf 81' lang='grc' dir='ltr'><em>μναστικῇ.</em></span> <span class='ocrx_word' id='word_1_898' title='bbox 1097 1808 1176 1844; x_wconf 81' lang='grc' dir='ltr'><em>μηδὲν</em></span> <span class='ocrx_word' id='word_1_899' title='bbox 1198 1810 1255 1836; x_wconf 90' lang='grc' dir='ltr'><em>οιου</em></span> <span class='ocrx_word' id='word_1_900' title='bbox 1278 1807 1339 1836; x_wconf 88' lang='grc' dir='ltr'><em>α’λλο</em></span> <span class='ocrx_word' id='word_1_901' title='bbox 1360 1808 1535 1845; x_wconf 71' lang='grc' dir='ltr'><em>μηχανᾶσθαι</em></span> <span class='ocrx_word' id='word_1_902' title='bbox 1552 1808 1567 1844; x_wconf 84' lang='grc' dir='ltr'><em>ἢ</em></span> <span class='ocrx_word' id='word_1_903' title='bbox 1585 1808 1655 1841; x_wconf 82' lang='grc' dir='ltr'><em>ὅπως</em></span> <span class='ocrx_word' id='word_1_904' title='bbox 1672 1809 1731 1847; x_wconf 75' lang='grc' dir='ltr'><em>ημῖν</em></span> 
     </span>
     <span class='ocr_line' id='line_1_105' title="bbox 939 1848 1730 1889; baseline 0.005 -13"><span class='ocrx_word' id='word_1_905' title='bbox 939 1848 954 1876; x_wconf 80' lang='grc' dir='ltr'>ὅ</span> <span class='ocrx_word' id='word_1_906' title='bbox 975 1861 999 1876; x_wconf 92' lang='grc' dir='ltr'><em>τι</em></span> <span class='ocrx_word' id='word_1_907' title='bbox 1016 1848 1139 1877; x_wconf 73' lang='grc' dir='ltr'><em>κάλλιστα</em></span> <span class='ocrx_word' id='word_1_908' title='bbox 1157 1849 1217 1881; x_wconf 79' lang='grc' dir='ltr'><em>τοὺς</em></span> <span class='ocrx_word' id='word_1_909' title='bbox 1234 1849 1329 1887; x_wconf 88' lang='grc' dir='ltr'><em>νόμους</em></span> <span class='ocrx_word' id='word_1_910' title='bbox 1346 1854 1499 1882; x_wconf 74' lang='grc' dir='ltr'><em>πεισθέντες</em></span> <span class='ocrx_word' id='word_1_911' title='bbox 1517 1852 1629 1883; x_wconf 81' lang='grc' dir='ltr'><em>δέξοιντο</em></span> <span class='ocrx_word' id='word_1_912' title='bbox 1648 1851 1730 1889; x_wconf 74' lang='grc' dir='ltr'><em>ὥςπερ</em></span> 
     </span>
     <span class='ocr_line' id='line_1_106' title="bbox 938 1890 1728 1931; baseline 0.005 -13"><span class='ocrx_word' id='word_1_913' title='bbox 938 1890 1030 1927; x_wconf 80' lang='grc' dir='ltr'><em>βαφήν,</em></span> <span class='ocrx_word' id='word_1_914' title='bbox 1048 1893 1090 1919; x_wconf 79' lang='grc' dir='ltr'><em>ἵνα</em></span> <span class='ocrx_word' id='word_1_915' title='bbox 1109 1891 1264 1923; x_wconf 84' lang='grc' dir='ltr'><em>δευσοποιὸς</em></span> <span class='ocrx_word' id='word_1_916' title='bbox 1282 1891 1365 1921; x_wconf 76' lang='grc' dir='ltr'><em>αὐτῶν</em></span> <span class='ocrx_word' id='word_1_917' title='bbox 1381 1892 1396 1928; x_wconf 81' lang='grc' dir='ltr'>ἦ</span> <span class='ocrx_word' id='word_1_918' title='bbox 1415 1892 1478 1925; x_wconf 84' lang='grc' dir='ltr'><em>δόξα</em></span> <span class='ocrx_word' id='word_1_919' title='bbox 1496 1895 1609 1931; x_wconf 88' lang='grc' dir='ltr'><em>γίγνοιτο</em></span> <span class='ocrx_word' id='word_1_920' title='bbox 1626 1895 1668 1922; x_wconf 80' lang='grc' dir='ltr'><em>καῖ</em></span> <span class='ocrx_word' id='word_1_921' title='bbox 1683 1906 1728 1922; x_wconf 85' lang='grc' dir='ltr'><em>πε-</em></span> 
     </span>
     <span class='ocr_line' id='line_1_107' title="bbox 937 1933 1731 1985; baseline 0.005 -25"><span class='ocrx_word' id='word_1_922' title='bbox 937 1934 963 1970; x_wconf 78' lang='grc' dir='ltr'><em>ρὶ</em></span> <span class='ocrx_word' id='word_1_923' title='bbox 981 1933 1067 1961; x_wconf 71' lang='grc' dir='ltr'><em>δεινῶν</em></span> <span class='ocrx_word' id='word_1_924' title='bbox 1084 1934 1127 1961; x_wconf 74' lang='grc' dir='ltr'><em>καὶ</em></span> <span class='ocrx_word' id='word_1_925' title='bbox 1144 1935 1203 1972; x_wconf 75' lang='grc' dir='ltr'><em>περὶ</em></span> <span class='ocrx_word' id='word_1_926' title='bbox 1220 1934 1270 1962; x_wconf 78' lang='grc' dir='ltr'><em>τῶν</em></span> <span class='ocrx_word' id='word_1_927' title='bbox 1288 1934 1370 1963; x_wconf 64' lang='grc' dir='ltr'><em>ἄλλων</em></span> <span class='ocrx_word' id='word_1_928' title='bbox 1387 1935 1429 1962; x_wconf 79' lang='grc' dir='ltr'><em>διὰ</em></span> <span class='ocrx_word' id='word_1_929' title='bbox 1447 1935 1477 1963; x_wconf 82' lang='grc' dir='ltr'><em>τὸ</em></span> <span class='ocrx_word' id='word_1_930' title='bbox 1495 1935 1539 1985; x_wconf 71' lang='grc' dir='ltr'><em>την</em></span> <span class='ocrx_word' id='word_1_931' title='bbox 1554 1948 1580 1963; x_wconf 83' lang='grc' dir='ltr'><em>τε</em></span> <span class='ocrx_word' id='word_1_932' title='bbox 1595 1935 1674 1984; x_wconf 72' lang='grc' dir='ltr'><em>φύσιν</em></span> <span class='ocrx_word' id='word_1_933' title='bbox 1688 1937 1731 1964; x_wconf 79' lang='grc' dir='ltr'><em>καὶ</em></span> 
     </span>
     <span class='ocr_line' id='line_1_108' title="bbox 937 1975 1729 2025; baseline 0.005 -22"><span class='ocrx_word' id='word_1_934' title='bbox 937 1975 981 2010; x_wconf 85' lang='grc' dir='ltr'><em>τὴν</em></span> <span class='ocrx_word' id='word_1_935' title='bbox 998 1975 1096 2025; x_wconf 81' lang='grc' dir='ltr'><em>τροφὴν</em></span> <span class='ocrx_word' id='word_1_936' title='bbox 1114 1977 1256 2011; x_wconf 82' lang='grc' dir='ltr'><em>ἐπιτηδείαν</em></span> <span class='ocrx_word' id='word_1_937' title='bbox 1273 1980 1411 2013; x_wconf 77' lang='grc' dir='ltr'><em>ἐσχηκέναι,</em></span> <span class='ocrx_word' id='word_1_938' title='bbox 1430 1990 1474 2005; x_wconf 89' lang='grc' dir='ltr'><em>και</em></span> <span class='ocrx_word' id='word_1_939' title='bbox 1489 1977 1525 2015; x_wconf 81' lang='grc' dir='ltr'><em>μὴ</em></span> <span class='ocrx_word' id='word_1_940' title='bbox 1540 1976 1624 2006; x_wconf 77' lang='grc' dir='ltr'><em>αὐτῶν</em></span> <span class='ocrx_word' id='word_1_941' title='bbox 1638 1978 1729 2007; x_wconf 83' lang='grc' dir='ltr'><em>ἐκπλυ-</em></span> 
     </span>
     <span class='ocr_line' id='line_1_109' title="bbox 937 2018 1727 2067; baseline 0.005 -22"><span class='ocrx_word' id='word_1_942' title='bbox 937 2030 978 2045; x_wconf 84' lang='grc' dir='ltr'><em>ναι</em></span> <span class='ocrx_word' id='word_1_943' title='bbox 995 2030 1040 2067; x_wconf 88' lang='grc' dir='ltr'><em>την</em></span> <span class='ocrx_word' id='word_1_944' title='bbox 1058 2018 1143 2054; x_wconf 80' lang='grc' dir='ltr'><em>βαφὴν</em></span> <span class='ocrx_word' id='word_1_945' title='bbox 1160 2018 1192 2046; x_wconf 80' lang='grc' dir='ltr'><em>τὰ</em></span> <span class='ocrx_word' id='word_1_946' title='bbox 1211 2018 1330 2057; x_wconf 73' lang='grc' dir='ltr'><em>ῥύμματα</em></span> <span class='ocrx_word' id='word_1_947' title='bbox 1352 2020 1445 2053; x_wconf 77' lang='grc' dir='ltr'><em>ταῦτα,</em></span> <span class='ocrx_word' id='word_1_948' title='bbox 1469 2019 1570 2048; x_wconf 80' lang='grc' dir='ltr'><em>δεινὰ</em></span> <span class='ocrx_word' id='word_1_949' title='bbox 1561 2019 1623 2049; x_wconf 84' lang='grc' dir='ltr'><em>όντα</em></span> <span class='ocrx_word' id='word_1_950' title='bbox 1643 2020 1727 2049; x_wconf 82' lang='grc' dir='ltr'><em>ἐκκλυ-</em></span> 
     </span>
     <span class='ocr_line' id='line_1_110' title="bbox 938 2059 1728 2100; baseline 0.005 -13"><span class='ocrx_word' id='word_1_951' title='bbox 938 2060 997 2092; x_wconf 79' lang='grc' dir='ltr'><em>ζειν,</em></span> <span class='ocrx_word' id='word_1_952' title='bbox 1014 2059 1030 2095; x_wconf 76' lang='grc' dir='ltr'>ἦ</span> <span class='ocrx_word' id='word_1_953' title='bbox 1047 2072 1074 2088; x_wconf 84' lang='grc' dir='ltr'><em>τε</em></span> <span class='ocrx_word' id='word_1_954' title='bbox 1091 2060 1181 2095; x_wconf 80' lang='grc' dir='ltr'><em>ἡδονή,</em></span> <span class='ocrx_word' id='word_1_955' title='bbox 1203 2061 1302 2093; x_wconf 86' lang='grc' dir='ltr'><em>παντὸς</em></span> <span class='ocrx_word' id='word_1_956' title='bbox 1317 2063 1496 2100; x_wconf 86' lang='grc' dir='ltr'><em>χαλαστραίου</em></span> <span class='ocrx_word' id='word_1_957' title='bbox 1514 2063 1642 2100; x_wconf 84' lang='grc' dir='ltr'><em>δεινοτέρα</em></span> <span class='ocrx_word' id='word_1_958' title='bbox 1661 2075 1728 2092; x_wconf 89' lang='grc' dir='ltr'><em>ουσα</em></span> 
     </span>
     <span class='ocr_line' id='line_1_111' title="bbox 937 2102 1727 2141; baseline 0.004 -11"><span class='ocrx_word' id='word_1_959' title='bbox 937 2102 1014 2130; x_wconf 79' lang='grc' dir='ltr'><em>τοῦτο</em></span> <span class='ocrx_word' id='word_1_960' title='bbox 1035 2108 1038 2122; x_wconf 95' lang='lat'>¹</span> <span class='ocrx_word' id='word_1_961' title='bbox 1058 2103 1122 2139; x_wconf 85' lang='grc' dir='ltr'><em>δρᾶν</em></span> <span class='ocrx_word' id='word_1_962' title='bbox 1139 2115 1182 2130; x_wconf 88' lang='grc' dir='ltr'><em>και</em></span> <span class='ocrx_word' id='word_1_963' title='bbox 1203 2105 1301 2136; x_wconf 84' lang='grc' dir='ltr'><em>κονίας,</em></span> <span class='ocrx_word' id='word_1_964' title='bbox 1325 2103 1390 2139; x_wconf 76' lang='grc' dir='ltr'><em>λύπη</em></span> <span class='ocrx_word' id='word_1_965' title='bbox 1407 2116 1434 2132; x_wconf 83' lang='grc' dir='ltr'><em>τε</em></span> <span class='ocrx_word' id='word_1_966' title='bbox 1451 2116 1495 2132; x_wconf 87' lang='grc' dir='ltr'><em>και</em></span> <span class='ocrx_word' id='word_1_967' title='bbox 1511 2103 1595 2141; x_wconf 86' lang='grc' dir='ltr'><em>φόβος</em></span> <span class='ocrx_word' id='word_1_968' title='bbox 1611 2117 1655 2133; x_wconf 89' lang='grc' dir='ltr'><em>και</em></span> <span class='ocrx_word' id='word_1_969' title='bbox 1673 2109 1727 2133; x_wconf 84' lang='grc' dir='ltr'><em>ἐπι-</em></span> 
     </span>
     <span class='ocr_line' id='line_1_112' title="bbox 938 2144 1726 2184; baseline 0.005 -13"><span class='ocrx_word' id='word_1_970' title='bbox 938 2145 1034 2181; x_wconf 79' lang='grc' dir='ltr'><em>θυμία,</em></span> <span class='ocrx_word' id='word_1_971' title='bbox 1056 2144 1155 2176; x_wconf 87' lang='grc' dir='ltr'><em>παντὸς</em></span> <span class='ocrx_word' id='word_1_972' title='bbox 1173 2144 1252 2173; x_wconf 71' lang='grc' dir='ltr'><em>ἄλλου</em></span> <span class='ocrx_word' id='word_1_973' title='bbox 1269 2145 1408 2184; x_wconf 77' lang='grc' dir='ltr'><em>ῥύμματος.</em></span> <span class='ocrx_word' id='word_1_974' title='bbox 1435 2146 1480 2181; x_wconf 84' lang='grc' dir='ltr'><em>τὴν</em></span> <span class='ocrx_word' id='word_1_975' title='bbox 1498 2146 1527 2181; x_wconf 78' lang='grc' dir='ltr'><em>δη</em></span> <span class='ocrx_word' id='word_1_976' title='bbox 1545 2146 1666 2183; x_wconf 79' lang='grc' dir='ltr'><em>τοιαύτην</em></span> <span class='ocrx_word' id='word_1_977' title='bbox 1683 2147 1726 2175; x_wconf 76' lang='grc' dir='ltr'><em>δύ-</em></span> 
     </span>
     <span class='ocr_line' id='line_1_113' title="bbox 936 2187 1729 2238; baseline 0.005 -25"><span class='ocrx_word' id='word_1_978' title='bbox 936 2198 1010 2223; x_wconf 87' lang='grc' dir='ltr'><em>ναμιν</em></span> <span class='ocrx_word' id='word_1_979' title='bbox 1032 2187 1075 2214; x_wconf 82' lang='grc' dir='ltr'><em>καὶ</em></span> <span class='ocrx_word' id='word_1_980' title='bbox 1099 2189 1226 2238; x_wconf 81' lang='grc' dir='ltr'><em>σωτηρίαν</em></span> <span class='ocrx_word' id='word_1_981' title='bbox 1248 2188 1289 2215; x_wconf 76' lang='grc' dir='ltr'><em>διὰ</em></span> <span class='ocrx_word' id='word_1_982' title='bbox 1311 2188 1409 2220; x_wconf 88' lang='grc' dir='ltr'><em>παντὸς</em></span> <span class='ocrx_word' id='word_1_983' title='bbox 1431 2187 1506 2224; x_wconf 78' lang='grc' dir='ltr'><em>δόξης</em></span> <span class='ocrx_word' id='word_1_984' title='bbox 1528 2187 1613 2226; x_wconf 76' lang='grc' dir='ltr'><em>ὀρθῆς</em></span> <span class='ocrx_word' id='word_1_985' title='bbox 1634 2201 1660 2217; x_wconf 80' lang='grc' dir='ltr'><em>τε</em></span> <span class='ocrx_word' id='word_1_986' title='bbox 1686 2202 1729 2217; x_wconf 86' lang='grc' dir='ltr'><em>και</em></span> 
     </span>
     <span class='ocr_line' id='line_1_114' title="bbox 936 2228 1729 2269; baseline 0.004 -13"><span class='ocrx_word' id='word_1_987' title='bbox 936 2230 1045 2265; x_wconf 89' lang='grc' dir='ltr'><em>νομίμου</em></span> <span class='ocrx_word' id='word_1_988' title='bbox 1067 2228 1153 2257; x_wconf 75' lang='grc' dir='ltr'><em>δεινῶν</em></span> <span class='ocrx_word' id='word_1_989' title='bbox 1174 2232 1231 2266; x_wconf 79' lang='grc' dir='ltr'><em>πὲρι</em></span> <span class='ocrx_word' id='word_1_990' title='bbox 1253 2242 1296 2257; x_wconf 88' lang='grc' dir='ltr'><em>και</em></span> <span class='ocrx_word' id='word_1_991' title='bbox 1315 2230 1350 2267; x_wconf 83' lang='grc' dir='ltr'><em>μὴ</em></span> <span class='ocrx_word' id='word_1_992' title='bbox 1369 2228 1513 2269; x_wconf 80' lang='grc' dir='ltr'><em>ανδρείαν’</em></span> <span class='ocrx_word' id='word_1_993' title='bbox 1505 2243 1583 2269; x_wconf 78' lang='grc' dir='ltr'><em>εγωγε</em></span> <span class='ocrx_word' id='word_1_994' title='bbox 1601 2232 1668 2259; x_wconf 81' lang='grc' dir='ltr'><em>καλῶ</em></span> <span class='ocrx_word' id='word_1_995' title='bbox 1686 2244 1729 2259; x_wconf 90' lang='grc' dir='ltr'><em>και</em></span> 
     </span>
     <span class='ocr_line' id='line_1_115' title="bbox 937 2269 1726 2320; baseline 0.006 -23"><span class='ocrx_word' id='word_1_996' title='bbox 937 2272 1056 2320; x_wconf 76' lang='grc' dir='ltr'><em>τίθεμαι,</em></span> <span class='ocrx_word' id='word_1_997' title='bbox 1078 2271 1100 2298; x_wconf 84' lang='grc' dir='ltr'><em>εἳ</em></span> <span class='ocrx_word' id='word_1_998' title='bbox 1120 2270 1157 2307; x_wconf 85' lang='grc' dir='ltr'><em>μή</em></span> <span class='ocrx_word' id='word_1_999' title='bbox 1178 2284 1200 2299; x_wconf 89' lang='grc' dir='ltr'><em>τι</em></span> <span class='ocrx_word' id='word_1_1000' title='bbox 1223 2272 1256 2300; x_wconf 79' lang='grc' dir='ltr'><em>σὺ</em></span> <span class='ocrx_word' id='word_1_1001' title='bbox 1279 2271 1340 2301; x_wconf 88' lang='grc' dir='ltr'><em>α’λλο</em></span> <span class='ocrx_word' id='word_1_1002' title='bbox 1359 2275 1443 2311; x_wconf 82' lang='grc' dir='ltr'><em>λέγεις.</em></span> <span class='ocrx_word' id='word_1_1003' title='bbox 1487 2271 1548 2301; x_wconf 83' lang='grc' dir='ltr'><em>Λλλ</em></span> <span class='ocrx_word' id='word_1_1004' title='bbox 1566 2271 1646 2306; x_wconf 78' lang='grc' dir='ltr'><em>οὐδέν,</em></span> <span class='ocrx_word' id='word_1_1005' title='bbox 1668 2269 1684 2308; x_wconf 79' lang='grc' dir='ltr'><strong><em>ἦ</em></strong></span> <span class='ocrx_word' id='word_1_1006' title='bbox 1702 2272 1726 2301; x_wconf 86' lang='grc' dir='ltr'><em>δ</em></span> 
     </span>
     <span class='ocr_line' id='line_1_116' title="bbox 937 2312 1728 2353; baseline 0.004 -13"><span class='ocrx_word' id='word_1_1007' title='bbox 937 2312 976 2345; x_wconf 80' lang='grc' dir='ltr'><em>ὅς,</em></span> <span class='ocrx_word' id='word_1_1008' title='bbox 999 2315 1074 2351; x_wconf 79' lang='grc' dir='ltr'><em>λέγω·</em></span> <span class='ocrx_word' id='word_1_1009' title='bbox 1102 2314 1185 2344; x_wconf 84' lang='grc' dir='ltr'><em>δοκεῖς</em></span> <span class='ocrx_word' id='word_1_1010' title='bbox 1205 2313 1256 2351; x_wconf 79' lang='grc' dir='ltr'><em>γάρ</em></span> <span class='ocrx_word' id='word_1_1011' title='bbox 1276 2327 1322 2351; x_wconf 92' lang='grc' dir='ltr'><em>μοι</em></span> <span class='ocrx_word' id='word_1_1012' title='bbox 1339 2314 1384 2350; x_wconf 82' lang='grc' dir='ltr'><em>τὴν</em></span> <span class='ocrx_word' id='word_1_1013' title='bbox 1401 2313 1488 2352; x_wconf 84' lang='grc' dir='ltr'><em>ὀρθὴν</em></span> <span class='ocrx_word' id='word_1_1014' title='bbox 1505 2314 1585 2347; x_wconf 81' lang='grc' dir='ltr'><em>δόξαν</em></span> <span class='ocrx_word' id='word_1_1015' title='bbox 1601 2317 1660 2353; x_wconf 77' lang='grc' dir='ltr'><em>περὶ</em></span> <span class='ocrx_word' id='word_1_1016' title='bbox 1678 2316 1728 2343; x_wconf 79' lang='grc' dir='ltr'><em>τῶν</em></span> 
     </span>
     <span class='ocr_line' id='line_1_117' title="bbox 937 2353 1725 2395; baseline 0.004 -13"><span class='ocrx_word' id='word_1_1017' title='bbox 937 2353 1020 2382; x_wconf 86' lang='grc' dir='ltr'><em>αυτῶν</em></span> <span class='ocrx_word' id='word_1_1018' title='bbox 1038 2366 1134 2383; x_wconf 89' lang='grc' dir='ltr'><em>τουτων</em></span> <span class='ocrx_word' id='word_1_1019' title='bbox 1153 2354 1213 2383; x_wconf 85' lang='grc' dir='ltr'><em>α’νευ</em></span> <span class='ocrx_word' id='word_1_1020' title='bbox 1229 2358 1346 2388; x_wconf 84' lang='grc' dir='ltr'><em>παιδείας</em></span> <span class='ocrx_word' id='word_1_1021' title='bbox 1362 2361 1506 2395; x_wconf 81' lang='grc' dir='ltr'><em>γεγονυῖαν,</em></span> <span class='ocrx_word' id='word_1_1022' title='bbox 1525 2370 1570 2392; x_wconf 90' lang='grc' dir='ltr'><em>την</em></span> <span class='ocrx_word' id='word_1_1023' title='bbox 1584 2370 1610 2385; x_wconf 89' lang='grc' dir='ltr'><em>τε</em></span> <span class='ocrx_word' id='word_1_1024' title='bbox 1626 2357 1725 2394; x_wconf 83' lang='grc' dir='ltr'><em>θηριω-</em></span> 
     </span>
     <span class='ocr_line' id='line_1_118' title="bbox 937 2395 1726 2446; baseline 0.004 -22"><span class='ocrx_word' id='word_1_1025' title='bbox 937 2397 966 2432; x_wconf 86' lang='grc' dir='ltr'><em>δη</em></span> <span class='ocrx_word' id='word_1_1026' title='bbox 992 2409 1036 2424; x_wconf 88' lang='grc' dir='ltr'><em>και</em></span> <span class='ocrx_word' id='word_1_1027' title='bbox 1063 2395 1260 2446; x_wconf 79' lang='grc' dir='ltr'><em>ἀνδραποδώδη,</em></span> <span class='ocrx_word' id='word_1_1028' title='bbox 1288 2411 1347 2427; x_wconf 84' lang='grc' dir='ltr'><em>ουτε</em></span> <span class='ocrx_word' id='word_1_1029' title='bbox 1372 2411 1441 2427; x_wconf 89' lang='grc' dir='ltr'><em>πανυ</em></span> <span class='ocrx_word' id='word_1_1030' title='bbox 1464 2398 1572 2436; x_wconf 89' lang='grc' dir='ltr'><em>νόμιμον</em></span> <span class='ocrx_word' id='word_1_1031' title='bbox 1593 2398 1726 2440; x_wconf 81' lang='grc' dir='ltr'><em>ηγεῖσθαι,</em></span> 
     </span>
     <span class='ocr_line' id='line_1_119' title="bbox 937 2437 1723 2477; baseline 0.004 -11"><span class='ocrx_word' id='word_1_1032' title='bbox 937 2437 998 2466; x_wconf 88' lang='grc' dir='ltr'><em>α’λλο</em></span> <span class='ocrx_word' id='word_1_1033' title='bbox 1017 2441 1045 2466; x_wconf 80' lang='grc' dir='ltr'><em>τέ</em></span> <span class='ocrx_word' id='word_1_1034' title='bbox 1061 2451 1085 2466; x_wconf 90' lang='grc' dir='ltr'><em>τι</em></span> <span class='ocrx_word' id='word_1_1035' title='bbox 1104 2438 1120 2474; x_wconf 82' lang='grc' dir='ltr'><em>ἢ</em></span> <span class='ocrx_word' id='word_1_1036' title='bbox 1143 2438 1261 2477; x_wconf 67' lang='grc' dir='ltr'><em>ἀνδρείαν</em></span> <span class='ocrx_word' id='word_1_1037' title='bbox 1281 2443 1374 2469; x_wconf 81' lang='grc' dir='ltr'><em>καλεῖν</em></span> <span class='ocrx_word' id='word_1_1038' title='bbox 1402 2447 1406 2461; x_wconf 94' lang='lat'>¹</span> <span class='ocrx_word' id='word_1_1039' title='bbox 1433 2443 1623 2477; x_wconf 82' lang='grc' dir='ltr'><em>Λληθὲστατα,</em></span> <span class='ocrx_word' id='word_1_1040' title='bbox 1650 2442 1680 2477; x_wconf 82' lang='grc' dir='ltr'><em>ἠν</em></span> <span class='ocrx_word' id='word_1_1041' title='bbox 1701 2440 1723 2468; x_wconf 93' lang='grc' dir='ltr'><em>δ</em></span> 
     </span>
     <span class='ocr_line' id='line_1_120' title="bbox 936 2479 1725 2520; baseline 0.004 -13"><span class='ocrx_word' id='word_1_1042' title='bbox 936 2479 993 2518; x_wconf 78' lang='grc' dir='ltr'><em>ἐγώ,</em></span> <span class='ocrx_word' id='word_1_1043' title='bbox 1012 2483 1096 2518; x_wconf 81' lang='grc' dir='ltr'><em>λέγεις.</em></span> <span class='ocrx_word' id='word_1_1044' title='bbox 1135 2483 1305 2519; x_wconf 78' lang='grc' dir='ltr'><em>Λποδέχομαι</em></span> <span class='ocrx_word' id='word_1_1045' title='bbox 1322 2485 1407 2511; x_wconf 89' lang='grc' dir='ltr'><em>τοίνυν</em></span> <span class='ocrx_word' id='word_1_1046' title='bbox 1424 2483 1501 2512; x_wconf 74' lang='grc' dir='ltr'><em>τοῦτο</em></span> <span class='ocrx_word' id='word_1_1047' title='bbox 1521 2481 1638 2520; x_wconf 85' lang='grc' dir='ltr'><em>ανδρείαν</em></span> <span class='ocrx_word' id='word_1_1048' title='bbox 1655 2488 1725 2511; x_wconf 83' lang='grc' dir='ltr'><em>εἶναι.</em></span> 
     </span>
     <span class='ocr_line' id='line_1_121' title="bbox 936 2521 1724 2577; baseline 0.005 -28"><span class='ocrx_word' id='word_1_1049' title='bbox 936 2523 991 2550; x_wconf 79' lang='grc' dir='ltr'><em>Καὶ</em></span> <span class='ocrx_word' id='word_1_1050' title='bbox 1007 2522 1058 2560; x_wconf 79' lang='grc' dir='ltr'><em>γὰρ</em></span> <span class='ocrx_word' id='word_1_1051' title='bbox 1078 2521 1218 2559; x_wconf 84' lang='grc' dir='ltr'><em>αποδεχου,</em></span> <span class='ocrx_word' id='word_1_1052' title='bbox 1236 2525 1266 2560; x_wconf 81' lang='grc' dir='ltr'><em>ἦν</em></span> <span class='ocrx_word' id='word_1_1053' title='bbox 1284 2523 1307 2552; x_wconf 77' lang='grc' dir='ltr'><em>δ’</em></span> <span class='ocrx_word' id='word_1_1054' title='bbox 1325 2524 1385 2563; x_wconf 80' lang='grc' dir='ltr'><em>ἐγω,</em></span> <span class='ocrx_word' id='word_1_1055' title='bbox 1407 2524 1538 2561; x_wconf 82' lang='grc' dir='ltr'><em>πολιτικην</em></span> <span class='ocrx_word' id='word_1_1056' title='bbox 1554 2537 1595 2563; x_wconf 82' lang='grc' dir='ltr'><em>γε,</em></span> <span class='ocrx_word' id='word_1_1057' title='bbox 1618 2537 1661 2553; x_wconf 87' lang='grc' dir='ltr'><em>και</em></span> <span class='ocrx_word' id='word_1_1058' title='bbox 1679 2523 1724 2577; x_wconf 79' lang='grc' dir='ltr'><em>ὄρ-</em></span> 
     </span>
     <span class='ocr_line' id='line_1_122' title="bbox 936 2563 1727 2605; baseline 0.004 -14"><span class='ocrx_word' id='word_1_1059' title='bbox 936 2564 994 2595; x_wconf 75' lang='grc' dir='ltr'><em>θῶς</em></span> <span class='ocrx_word' id='word_1_1060' title='bbox 1012 2563 1141 2597; x_wconf 80' lang='grc' dir='ltr'><em>ἀποδέξει·</em></span> <span class='ocrx_word' id='word_1_1061' title='bbox 1169 2566 1249 2598; x_wconf 87' lang='grc' dir='ltr'><em>αυθις</em></span> <span class='ocrx_word' id='word_1_1062' title='bbox 1266 2567 1293 2595; x_wconf 84' lang='grc' dir='ltr'><em>δὲ</em></span> <span class='ocrx_word' id='word_1_1063' title='bbox 1313 2579 1373 2605; x_wconf 83' lang='grc' dir='ltr'><em>περι</em></span> <span class='ocrx_word' id='word_1_1064' title='bbox 1395 2565 1487 2599; x_wconf 74' lang='grc' dir='ltr'><em>αυτοῦ,</em></span> <span class='ocrx_word' id='word_1_1065' title='bbox 1510 2567 1554 2595; x_wconf 83' lang='grc' dir='ltr'><em>ἐὰν</em></span> <span class='ocrx_word' id='word_1_1066' title='bbox 1575 2566 1667 2603; x_wconf 75' lang='grc' dir='ltr'><em>βούλῃ,</em></span> <span class='ocrx_word' id='word_1_1067' title='bbox 1691 2568 1727 2595; x_wconf 76' lang='grc' dir='ltr'><em>ἔτι</em></span> 
     </span>
     <span class='ocr_line' id='line_1_123' title="bbox 935 2605 1724 2658; baseline 0.005 -25"><span class='ocrx_word' id='word_1_1068' title='bbox 935 2605 1039 2634; x_wconf 88' lang='grc' dir='ltr'><em>καλλιον</em></span> <span class='ocrx_word' id='word_1_1069' title='bbox 1057 2608 1142 2644; x_wconf 87' lang='grc' dir='ltr'><em>δίιμεν</em></span> <span class='ocrx_word' id='word_1_1070' title='bbox 1168 2609 1213 2636; x_wconf 76' lang='grc' dir='ltr'><em>νῦν</em></span> <span class='ocrx_word' id='word_1_1071' title='bbox 1217 2608 1282 2658; x_wconf 72' lang='grc' dir='ltr'><em>ῗιγαρ</em></span> <span class='ocrx_word' id='word_1_1072' title='bbox 1298 2621 1329 2637; x_wconf 92' lang='grc' dir='ltr'><em>ου</em></span> <span class='ocrx_word' id='word_1_1073' title='bbox 1347 2610 1425 2638; x_wconf 79' lang='grc' dir='ltr'><em>τοῦτο</em></span> <span class='ocrx_word' id='word_1_1074' title='bbox 1444 2609 1584 2646; x_wconf 79' lang='grc' dir='ltr'><em>ἐζητουμεν,</em></span> <span class='ocrx_word' id='word_1_1075' title='bbox 1604 2607 1667 2636; x_wconf 81' lang='grc' dir='ltr'><em>αλλὰ</em></span> <span class='ocrx_word' id='word_1_1076' title='bbox 1687 2610 1724 2637; x_wconf 84' lang='grc' dir='ltr'><em>δι-</em></span> 
     </span>
     <span class='ocr_line' id='line_1_124' title="bbox 935 2649 1724 2700; baseline 0.005 -25"><span class='ocrx_word' id='word_1_1077' title='bbox 935 2659 1083 2700; x_wconf 81' lang='grc' dir='ltr'><em>καιοσυνην·</em></span> <span class='ocrx_word' id='word_1_1078' title='bbox 1112 2649 1178 2687; x_wconf 88' lang='grc' dir='ltr'><em>πρὸς</em></span> <span class='ocrx_word' id='word_1_1079' title='bbox 1195 2651 1241 2678; x_wconf 78' lang='grc' dir='ltr'><em>οὖν</em></span> <span class='ocrx_word' id='word_1_1080' title='bbox 1258 2651 1303 2687; x_wconf 84' lang='grc' dir='ltr'><em>τὴν</em></span> <span class='ocrx_word' id='word_1_1081' title='bbox 1321 2653 1416 2680; x_wconf 83' lang='grc' dir='ltr'><em>ἐκείνου</em></span> <span class='ocrx_word' id='word_1_1082' title='bbox 1434 2650 1545 2686; x_wconf 78' lang='grc' dir='ltr'><em>ζήτησιν,</em></span> <span class='ocrx_word' id='word_1_1083' title='bbox 1567 2661 1601 2682; x_wconf 91' lang='grc' dir='ltr'><em>ως</em></span> <span class='ocrx_word' id='word_1_1084' title='bbox 1622 2652 1724 2689; x_wconf 78' lang='grc' dir='ltr'><em>ἐγώμαι,</em></span> 
     </span>
     <span class='ocr_line' id='line_1_125' title="bbox 936 2690 1725 2731; baseline 0.004 -13"><span class='ocrx_word' id='word_1_1085' title='bbox 936 2690 1027 2722; x_wconf 80' lang='grc' dir='ltr'><em>ἱκανῶς</em></span> <span class='ocrx_word' id='word_1_1086' title='bbox 1044 2692 1100 2726; x_wconf 77' lang='grc' dir='ltr'><em>ἔχει.</em></span> <span class='ocrx_word' id='word_1_1087' title='bbox 1126 2691 1200 2720; x_wconf 71' lang='grc' dir='ltr'><em>ᾌλλα</em></span> <span class='ocrx_word' id='word_1_1088' title='bbox 1217 2693 1334 2726; x_wconf 75' lang='grc' dir='ltr'><em>καλῶς,’</em></span> <span class='ocrx_word' id='word_1_1089' title='bbox 1327 2695 1381 2730; x_wconf 74' lang='grc' dir='ltr'><em>ἐφη,</em></span> <span class='ocrx_word' id='word_1_1090' title='bbox 1399 2695 1485 2731; x_wconf 85' lang='grc' dir='ltr'><em>λε’γεις.</em></span> <span class='ocrx_word' id='word_1_1091' title='bbox 1513 2699 1576 2720; x_wconf 85' lang='lat' dir='ltr'><em>vm.</em></span> <span class='ocrx_word' id='word_1_1092' title='bbox 1596 2692 1651 2721; x_wconf 80' lang='grc' dir='ltr'><em>Δύο</em></span> <span class='ocrx_word' id='word_1_1093' title='bbox 1667 2692 1725 2730; x_wconf 84' lang='grc' dir='ltr'><em>μήν,</em></span> 
     </span>
     <span class='ocr_line' id='line_1_126' title="bbox 1402 2742 1456 2765; baseline 0 0"><span class='ocrx_word' id='word_1_1094' title='bbox 1402 2745 1432 2765; x_wconf 77' lang='grc'><em>41</em></span> <span class='ocrx_word' id='word_1_1095' title='bbox 1445 2742 1456 2753; x_wconf 45' lang='grc' dir='ltr'><em>λ’</em></span> 
     </span>
    </p>
   </div>
   <div class='ocr_carea' id='block_1_11' title="bbox 1756 1773 1792 1790">
    <p class='ocr_par' dir='ltr' id='par_1_11' title="bbox 1756 1773 1792 1790">
     <span class='ocr_line' id='line_1_127' title="bbox 1756 1773 1792 1790; baseline 0.028 -1"><span class='ocrx_word' id='word_1_1096' title='bbox 1756 1773 1792 1790; x_wconf 68' lang='lat'><em>430</em></span> 
     </span>
    </p>
   </div>
  </div>
 </body>
</html>
