1998 3084
164 433 199 451 328

169 2168 205 2187 329

230 139 276 163 290

226 215 270 249 ov'5
285 214 322 243 ’Ἡ
341 218 427 244 τοίνυν
444 227 549 247 τοῑτων,
569 215 624 250 ἔφη,
643 215 771 251 κρείττους
787 215 898 251 γένεσθε
913 212 929 248 ἢ
942 211 1022 249 μένετ’
1044 212 1045 220 ’

227 257 315 285 αὐτοῦ
362 255 472 288 Οὐκοῦν,
499 269 529 291 ην
551 254 575 283 δ
597 255 658 293 ἐγώ,
687 256 722 282 ἔτι
744 255 769 282 ἓν
790 256 914 286 λείπεται,
942 254 972 282 τὸ
994 253 1024 289 ἢν

226 311 353 336 πεισωμεν
369 298 444 336 ὑμᾶς,
463 297 497 329 ὦς
511 298 561 335 χρὴ
575 296 642 334 ἡμᾶς
657 295 768 333 ἀφεῖναι.
795 296 829 323 'H
841 297 884 324 καὶ
900 294 1021 324 δύναισθ’

227 341 269 374 ἄν,
292 342 307 376 ἠ
326 339 349 369 δ
368 340 408 373 ὅς,
430 343 521 368 πεῖσαι
537 340 572 377 μὴ
591 337 746 371 ἀκουονιαςς
778 336 914 375 Οὐδαμῶς,
939 339 985 374 ἔφη
1009 336 1022 366 ὁ

225 382 353 412 Γλαύκων.
395 381 440 414 Ὡς
457 384 543 410 τοίνυν
558 381 593 419 μὴ
613 380 805 418 ἀκουσομένων,
825 379 892 408 οὕτω
911 381 1022 408 διανοεῖ-

226 430 288 454 σθε.
331 425 386 453 Καὶ
408 437 422 453 ο
444 425 618 476 Λδείμανιος,
645 422 706 461 Ἀρα
724 435 765 461 γε,
790 422 840 457 *ἠ
858 420 882 449 δ
900 421 940 454 ὅς,
967 420 1022 450 οὐδ

225 471 293 501 ἴστε,
316 468 357 496 ὁτι
378 466 482 519 λαμπὰς
504 467 577 495 ἔσται
598 465 666 503 πρὸς
687 467 800 513 ἑσπέραν
822 462 864 500 ἆφ
884 465 971 491 ἵππων
993 464 1025 501 τῇ

225 510 296 548 θεῷς
322 508 376 546 Λφ
392 511 491 543 ι’ππωνς
513 510 544 544 ἠν
561 507 585 536 δ
603 507 662 547 ἐγώ·
691 506 780 536 καινόν
796 519 826 545 γε
844 506 930 534 τοῦτο.
957 508 1023 542 λαμ-

225 552 306 580 παδια
329 553 429 588 ἔχοντες
450 550 624 580 διαδώσουσιν
646 549 763 585 ἀλλήλοις
785 548 953 586 ἆμιλλωμενοι
970 551 1026 578 τοῖς

224 597 327 628 ι’πποις;
345 594 360 630 ἢ
378 594 434 625 πῶς
450 596 541 632 λέγειςς
567 592 660 625 Οὕτως,
681 594 728 641 ἔφη
746 590 760 620 ὁ
779 594 962 628 Πολέμαρχος·
982 602 1025 617 και

225 636 292 675 πρός
307 648 338 675 γε
355 637 498 672 παννυχίδα
516 647 684 671 ποιησουσιν,
706 634 738 670 ἦν
756 633 830 666 α’ξιον
848 632 1023 661 θεάσασθαι

226 678 464 716 εξανασιησόμεθα
481 678 533 717 γὰρ
549 677 615 716 μετὰ
634 677 664 706 τὸ
683 678 786 705 δεῖπνον
803 688 847 704 και
864 674 910 711 τὴν
926 687 1023 703 παννυ-

223 723 284 759 χίδα
311 721 490 759 θεασόμεθα,
522 721 566 748 καὶ
592 718 759 757 ξυνεσόμεθα
784 730 812 746 τε
837 720 944 748 πολλοῖς
976 717 1026 745 τῶν

227 767 289 793 νέων
311 762 411 792 αὐτόθι
433 764 476 792 καὶ
499 762 686 800 διαλεξόμεθα·
716 760 780 789 ἀλλὰ
801 763 887 798 μένετε
906 760 949 787 καὶ
966 759 999 796 μὴ
1021 765 1024 779 ¹

227 806 309 838 α’λλως
328 817 433 835 ποιειτε
477 806 532 833 Και
551 817 564 833 ο
584 803 718 836 Γλαύκων,
737 802 846 835 Εοικεν,
870 803 929 851 ἔφη,
950 813 1023 838 μενε-

226 852 284 878 τέον
301 847 374 877 εἶναι.
396 846 458 877 >m
478 848 501 876 εἰ
519 849 596 879 δοκεῖ,
615 848 646 882 ἠν
664 845 687 874 δ’
709 844 766 884 ἐγώ,
786 844 852 874 οὕτω
868 844 917 881 χρὴ
933 847 1024 872 ποιεῖν.

227 899 256 920 11.
275 893 361 929 Ἠιμεν
379 902 425 919 ουν
443 891 529 918 οἴκαδε
548 889 584 920 εἷς
601 889 649 917 τοῦ
662 886 846 924 Πολεμαρχου,
865 887 909 914 καὶ
923 887 1026 914 Λυσίαν

226 946 253 963 τε
272 932 371 962 αὐτόθι
388 931 564 969 κατελαβομεν
581 932 624 959 καὶ
640 929 807 967 Εὐθύδημον,
826 928 887 960 τοὺς
901 929 948 956 τοῦ
963 934 1023 956 Πο-

225 975 356 1014 λεμαρχου
374 973 510 1011 ἇδελφους,
529 975 572 1002 καὶ
590 973 619 1009 δὴ
637 974 681 1001 καὶ
697 971 873 1010 Θρασυμαχον
891 971 937 999 τὸν
952 972 1023 998 Χαλ-

226 1017 345 1055 κηδόνιον
366 1018 409 1046 καὶ
426 1017 608 1055 Χαρμαντίδην
630 1016 676 1044 τὸν
697 1017 827 1043 Παιανιέα
849 1015 893 1042 καὶ
914 1015 1023 1041 Κλειτο-

226 1061 315 1098 φῶντα
337 1060 383 1089 τὸν
400 1058 596 1098 Λρισ-τωνυμου
623 1059 654 1094 ἠν
676 1056 700 1086 δ
722 1058 795 1085 ἔνδον
811 1069 855 1085 και
874 1055 888 1084 ὃ
906 1056 991 1093 πατὴρ
1011 1054 1024 1082 ὁ

226 1103 274 1133 τοῦ
295 1101 483 1140 Πολεμαρχου,
506 1103 636 1138 Κέφαλος.
662 1101 706 1129 καὶ
726 1098 797 1137 μαλα
819 1097 964 1137 πρεσβύτης
979 1110 1025 1135 μοι

229 1147 315 1178 ἔδοξεν
332 1143 407 1174 εἶναι·
427 1144 469 1172 διὰ
485 1143 583 1182 χρόνον
602 1149 605 1164 ¹
624 1141 676 1197 γὰρ
694 1155 736 1170 και
752 1140 850 1180 ἑωρακη
867 1139 956 1169 αὐτόν·
976 1152 1023 1168 κα-

227 1189 317 1225 θῆστο
341 1189 368 1216 δὲ
390 1189 598 1236 ἐστεφανωμένος
619 1187 662 1213 ἐπί
681 1196 751 1216 τινος
772 1185 981 1222 προςκεφαλαίου
999 1194 1025 1210 τε

227 1232 271 1260 καὶ
288 1232 392 1268 δίφρον·
411 1228 529 1260 τεθυκὼς
546 1228 597 1267 γὰρ
616 1227 752 1267 ἐτυγχανεν
770 1230 796 1255 ἐν
813 1226 844 1264 τῆ
864 1224 936 1263 αὐλῇ.
964 1228 1023 1253 ἐκα-

228 1272 369 1311 θεζόμεθα
393 1273 439 1301 οὖν
461 1284 515 1309 παρ
543 1269 633 1299 αυτόν
662 1272 756 1298 ἔκειντο
778 1269 830 1308 γὰρ
853 1270 940 1306 δίφροι
961 1270 1025 1298 τινὲς

229 1314 328 1345 αὐτόθι
349 1313 438 1351 κύκλῳ.
466 1313 548 1345 εὐθυς
569 1325 616 1342 ουν
635 1325 666 1350 με
685 1312 746 1340 ἰδὼν
764 1311 778 1340 ὃ
796 1313 920 1347 Κέφαλος
937 1308 1023 1346 ἠσπα-

228 1357 284 1392 ζετό
306 1369 333 1386 τε
355 1358 399 1386 καὶ
420 1355 499 1385 εἶπεν·
527 1357 556 1383 Ὠ.
573 1355 721 1393 Σώκρατες,
746 1352 805 1383 οὐδὲ
828 1355 946 1391 θαμίζεις
967 1351 1027 1401 ἡμιῖν

227 1401 389 1438 καταβαίνων
405 1399 442 1431 εἷς
459 1398 506 1428 τὸν
520 1398 647 1449 Πειραιᾶ·
668 1397 734 1435 χρῆν
749 1399 844 1434 μέντοι.
872 1396 895 1424 εἶ
911 1397 962 1443 μὲνΙ
974 1394 1026 1443 γὰρ

229 1443 278 1494 ἐγώ
297 1444 333 1472 ἔτι
351 1444 377 1471 ὲν
394 1436 531 1480 δυναμειτ
516 1454 546 1477 ην
562 1440 610 1469 τοῦ
627 1441 720 1479 ῥᾳδίως
734 1438 901 1477 πορεύεσθαι
914 1437 982 1476 πρὸς
995 1437 1026 1466 τὸ

229 1485 308 1519 ‹io-tv,
332 1483 407 1514 οὐδὲν
429 1483 461 1512 ὂίν
483 1495 513 1512 σε
536 1484 585 1511 ἔδει
607 1483 681 1532 δεῦρο
705 1482 780 1514 ἴέναι,
805 1487 809 1502 ¹
834 1479 886 1508 ἇλλ
906 1479 977 1517 ἡμεῖς
996 1478 1028 1507 ἂν

228 1528 309 1579 παρὰ
321 1530 351 1557 σὲ
368 1528 442 1565 ᾖμεν
461 1527 505 1555 νῦν
524 1527 551 1554 δέ
568 1537 597 1554 σε
613 1525 662 1563 χρὴ
680 1523 839 1562 πυκνότερον
857 1523 932 1560 δεῦρο
952 1522 1026 1550 ιε’ναι·

230 1570 264 1603 ὧς
280 1566 309 1600 εὖ
327 1573 396 1603 ἴσθι,
415 1568 456 1598 ὅτι
475 1570 559 1607 ἔμοιγε
579 1567 644 1596 ὅσον
663 1567 691 1595 αἱ
709 1566 784 1594 αλλαι
802 1567 829 1594 αἱ
844 1565 911 1594 κατὰ
926 1565 956 1593 τὸ
973 1564 1026 1593 11:5-

227 1627 265 1652 μα
283 1612 374 1649 ἡδοναὶ
393 1610 625 1650 ἀπομαραίνονται,
644 1609 775 1638 τοσοῦτον
793 1607 919 1658 αύξονται
935 1608 963 1635 αῖ
979 1618 1026 1635 πε-

230 1657 255 1695 ρῖ
272 1655 333 1687 τοὺς
350 1654 444 1693 λόγους
462 1655 599 1692 ἐπιθυμίαι
616 1665 643 1681 τε
660 1653 704 1680 καὶ
721 1651 819 1688 ἡδοναί
836 1650 871 1689 μὴ
887 1651 933 1679 οὐν
948 1648 1029 1680 ἄλλως

229 1700 309 1731 ποίει,
333 1696 397 1725 ἇλλὰ
419 1697 502 1728 τοῖςδὲ
523 1708 550 1725 τε
567 1699 623 1727 τοῖς
639 1696 750 1726 νεανίαις
767 1693 875 1726 ξυνισθι
891 1693 935 1721 καὶ
953 1692 1028 1730 δεῦρο

229 1739 290 1779 παρ’
311 1739 378 1778 ἡμᾶς
398 1741 478 1776 φοίτα
500 1737 534 1768 ὦς
555 1738 628 1776 παρὰ
649 1739 740 1774 φίλους
757 1749 784 1766 τε
801 1737 845 1765 καὶ
862 1747 932 1764 πανυ
950 1735 1027 1764 οἷκεί-

231 1795 282 1816 ους.
325 1783 381 1811 Καὶ
397 1781 459 1819 μην,
481 1782 511 1817 ἠν
529 1779 552 1809 δ
571 1780 632 1819 ἐγώ,
651 1781 671 1808 ὦ
688 1782 806 1816 Κέφαλε,
822 1781 905 1816 χαίρω
922 1789 952 1816 γε
971 1778 1027 1804 δια-

229 1825 367 1865 λεγόμενος
389 1828 444 1856 τοῖς
465 1823 570 1861 σφόδρα
596 1822 760 1860 πρεσβυταις
787 1823 859 1850 δοκεῖ
882 1832 934 1859 γαρ
958 1826 962 1840 ¹
984 1831 1030 1856 μοι

228 1869 321 1906 χρῆναι
345 1865 406 1917 παρ’
432 1865 516 1894 αὐτῶν
542 1865 747 1915 πυνθάνεσθαι,
775 1875 857 1901 ωςπερ
884 1862 940 1891 τινὰ
967 1860 1030 1890 ὁδὸν

229 1908 462 1949 προεληλυθότων,
480 1908 511 1945 ἣν
528 1921 572 1936 και
588 1907 655 1945 ημᾶς
673 1910 735 1939 ἴσως
753 1906 836 1942 δεήσει
853 1904 1028 1958 πορεύεσθαι,

230 1955 295 1982 ποία
312 1954 350 1984 τίς
368 1964 430 1984 εστι,
448 1955 556 1989 τραχεῖα
574 1951 617 1978 καὶ
632 1948 741 1986 χαλεπή,
759 1948 775 1985 ἢ
793 1950 868 1987 ῥᾳδία
886 1961 930 1976 και
947 1946 1027 1976 εὔπο-

230 2007 282 2034 ρος.
309 1995 353 2023 καὶ
375 1994 404 2029 δὴ
427 1995 470 2022 καὶ
492 1994 541 2022 σοῦ
563 1992 641 2029 ἡδέως
663 2005 694 2020 αν
720 1994 867 2029 πυθοίμην,
895 1989 911 2019 ὅ
936 1991 961 2018 τί
987 2001 1030 2017 σοι

230 2040 349 2076 φαίνεται
366 2037 457 2069 τοῦτο,
481 2036 565 2070 ἐπειδὴ
584 2035 702 2063 ἐνταῦθα
719 2033 766 2070 η’δη
784 2038 807 2062 εἰ
823 2034 867 2069 τῆς
883 2032 991 2068 ἡλικίας,
1015 2030 1029 2059 ὅ

231 2081 261 2116 δὴ
279 2081 321 2108 ε’πι
337 2090 435 2118 γηραος
454 2077 521 2116 ουδῴ
539 2090 621 2115 φασιν
643 2075 707 2106 εἷναι
730 2078 756 2106 οἱ
777 2077 895 2112 ποιηταί,
917 2074 1030 2112 πότερον

229 2122 346 2160 χαλεπὸν
367 2122 413 2150 τοῦ
436 2122 506 2158 βίου,
529 2120 543 2170 ἢ
564 2121 620 2151 πῶς
642 2120 675 2148 σὺ
698 2118 761 2148 αὐτὸ
781 2121 943 2157 ἐξαγγέλλεις.
988 2123 1030 2144 ΠΙ.

229 2165 293 2217 Ἐγω
312 2177 367 2197 σοι,
391 2165 450 2200 ἐφη,
469 2163 498 2199 νὴ
517 2163 562 2191 τὸν
581 2164 640 2196 Δία,
660 2162 720 2200 ἐρῶ,
738 2163 758 2190 ὦ
775 2161 925 2199 Σώκρατες,
944 2164 956 2177 *
975 2156 1032 2188 οἷόν

232 2211 262 2248 γε’
282 2219 327 2246 μοι
349 2208 474 2244 φαίνεται.
502 2204 624 2237 πολλάκις
641 2206 692 2244 γὰρ
712 2202 896 2242 συνερχόμεθά
916 2213 979 2233 τινες
996 2201 1032 2232 εἷς

234 2248 314 2280 ταυτὸ
336 2250 523 2287 παραπλησίαν
544 2248 640 2284 ἡλικίαν
662 2249 773 2283 ἔχοντες,
797 2245 965 2278 διασώζοντες
986 2244 1032 2279 τὴν

232 2291 348 2322 παλαιὰν
368 2292 518 2344 παροιμίαν.
546 2291 572 2319 οἱ
594 2291 639 2319 οὖν
661 2293 779 2318 πλεῖστοι
796 2288 866 2326 ἡμῶν
884 2286 1029 2325 ὀλοφύρον-

233 2348 277 2365 ται
293 2333 418 2367 ξυνόντες,
436 2345 484 2365 τας
502 2336 527 2361 ἐν
544 2334 576 2371 τῇ
594 2332 694 2368 νεότητι
711 2331 806 2368 ἡδονὰς
823 2331 974 2361 ποθοῦντες
989 2330 1032 2357 καὶ

235 2375 486 2416 ἀναμιμνησκόμενοι
502 2377 561 2413 περί
578 2387 605 2404 τε
623 2373 780 2413 τάφροδίσια
798 2387 842 2403 και
858 2386 917 2411 περι
934 2371 1033 2403 πότους

234 2434 278 2450 και
303 2418 410 2456 εὐωχίας
435 2419 479 2447 καὶ
506 2416 558 2446 ἄλλ’
585 2416 663 2451 α’ττα,
691 2416 707 2445 ἃ
729 2418 780 2446 τῶν
797 2428 922 2445 τοιουτων
940 2416 1031 2450 ἔχεται,

234 2464 278 2492 καὶ
304 2460 496 2512 ἀγανακτοῦσιν
522 2471 556 2492 ως
579 2459 698 2499 μεγάλων
724 2459 799 2488 τινῶν
824 2457 1033 2510 απεστερημὲνοι

235 2507 279 2534 καὶ
299 2504 358 2534 τότε
378 2507 425 2541 μὲν
446 2503 474 2532 εὖ
496 2503 596 2536 ζῶντες,
619 2503 663 2531 νῦν
681 2503 707 2530 δὲ
726 2500 785 2531 οὐδὲ
803 2502 898 2535 ζῶντες.
927 2501 988 2528 ἔνιοι
1006 2500 1033 2528 δὲ

235 2561 279 2576 και
299 2558 347 2579 τας
367 2547 418 2575 τῶν
441 2552 445 2567 ¹
469 2545 569 2574 οἰκείων
585 2546 787 2583 προπηλακισεις
804 2544 851 2572 τοῦ
868 2543 952 2593 γήρως
970 2540 1030 2571 ὁδί·-

235 2602 333 2628 ρονται,
352 2590 396 2618 καὶ
414 2589 456 2617 ἐπὶ
472 2587 555 2625 τούτῳ
574 2587 603 2640 δη
621 2590 651 2616 τὸ
666 2587 747 2626 γῆρας
760 2586 885 2627 ὑμνοῦσιν
900 2585 970 2614 ὅσων
984 2597 1031 2613 κα-

235 2633 286 2662 κῶν
314 2634 403 2669 σφίσιν
430 2633 519 2660 αιτιον.
547 2630 603 2667 ἐμοι
629 2630 655 2658 δὲ
682 2630 816 2662 δοκοῦσιν,
842 2641 862 2657 ω
887 2627 1032 2666 Σώκρατες,

238 2671 310 2704 οὗτοι
328 2672 360 2703 οὐ
378 2673 407 2702 τὸ
427 2676 510 2702 αἴτιον
528 2672 676 2700 αιτιᾶσθαι.
703 2672 725 2700 εἱ
742 2672 794 2710 γαρ
812 2672 842 2707 ἢν
856 2668 925 2700 τοῦτ’
942 2673 1033 2702 αἴτιον,

1050 319 1053 422 ¹

1052 458 1054 527 ι

909 133 1193 160 ’LATONIS

1074 224 1122 240 καν
1140 211 1189 250 ἐγὼ
1207 210 1239 240 τὰ
1259 209 1324 240 αῧτὰ
1343 213 1425 240 ταῦτα
1445 211 1580 253 ἐπεπόνθη
1599 211 1671 240 ἕνεκα
1685 223 1713 250 γε
1728 211 1812 249 γήρως
1825 212 1870 239 καὶ

1076 255 1101 283 οἶ
1120 252 1193 282 α’λλοι
1210 265 1316 286 παντες,
1335 253 1395 283 ὅσοι
1414 255 1530 283 ἐνταῦθα
1548 255 1634 289 ffl-&ov
1651 253 1754 288 ἡλικίας,
1781 254 1825 281 νῦν
1843 252 1866 280 δ’

1051 297 1052 318 ἶ
1076 297 1155 334 ἔγωγε
1177 295 1223 330 ἤδη
1247 294 1395 331 ἐντετυχηκα
1419 296 1466 332 οὐχ
1489 308 1569 328 ουτως
1592 298 1679 331 ἔχουσι
1705 296 1747 322 καῖ
1776 294 1868 328 ἄλλοις,

1074 351 1117 366 και
1144 338 1173 372 δὴ
1200 350 1243 365 και
1264 341 1397 373 Σοφοκλεῖ
1421 341 1484 366 ποτὲ
1512 339 1547 376 τῷ
1572 338 1666 374 ποιητῇ
1693 336 1870 375 παρεγενόμην

1076 382 1226 417 ἐρωτωμένῳ
1243 377 1297 407 ὑπό
1314 390 1393 411 τινος
1411 381 1482 411 Πῶς,
1502 382 1556 417 ἔφη,
1576 381 1595 408 αἱ
1615 386 1618 400 ¹
1637 379 1787 416 Σοφόκλεις,
1808 381 1870 414 ὲχεις

1074 421 1141 459 πρὸς
1158 420 1329 458 τᾶφροδίσιαῑ
1349 423 1384 449 ε’τι
1403 420 1457 453 οἰός
1471 434 1498 450 τε
1513 435 1535 450 ει
1549 424 1648 460 γυναικὶ
1665 423 1868 460 συγγίγνεσθαις

1075 464 1130 491 Και
1149 462 1185 495 ὅς,
1194 461 1327 513 Εὐφημει,
1348 464 1402 499 ἔφη,
1422 465 1441 492 ὦ
1461 463 1599 501 α’νθρωπε
1619 463 1795 501 ασμεναίτατα
1809 466 1869 500 μέν-

1075 518 1116 534 τοι
1139 503 1202 533 ami»
1227 503 1372 554 ἆπεφυγον,
1395 505 1476 543 ὥςπερ
1498 506 1627 535 λυττῶντα
1646 519 1701 534 τινα
1719 507 1763 534 καὶ
1781 504 1873 544 α’γριον

1077 547 1205 582 δεσπότην
1232 559 1382 585 αποφυγων.
1427 549 1463 575 Ευ
1491 549 1536 576 οὖν
1560 561 1605 586 μοι
1631 550 1673 576 καὶ
1700 548 1757 576 τότε
1786 549 1872 579 ἔδοξεν

1077 593 1171 621 ἑκεῒιος
1188 590 1276 622 ειπεῖν,
1295 590 1338 617 καὶ
1356 590 1400 617 νῦν
1418 602 1465 625 ουχ
1482 586 1565 625 ἧττον
1588 603 1741 619 παιιαπασι
1755 590 1807 628 γὰρ
1822 590 1873 618 τῶν

1075 644 1104 670 γε
1132 631 1256 660 τοιούτων
1282 635 1308 659 ἐν
1333 632 1369 668 τῷ
1394 631 1461 670 γήρᾳ
1486 633 1568 668 πολλὴ
1589 633 1676 681 εἰρηιη
1695 635 1808 671 γίγνεται
1830 633 1872 660 καὶ

1077 676 1221 711 ἐλευθερία.
1240 674 1342 702 ἐπειδαν
1358 674 1410 712 γὰρ
1429 675 1457 702 αῖ
1472 677 1608 712 ἐπιθυμιαι
1622 687 1775 703 παυσωνται
1789 686 1870 702 mna-

1076 719 1207 745 τείνουσαι
1225 717 1268 744 καὶ
1283 715 1433 752 χαλιισωσι,
1452 729 1606 745 πανταπασι
1623 717 1652 745 τὸ
1672 717 1718 745 τοῦ
1736 718 1870 753 Σοφοκλέ-

1078 770 1122 790 ους
1134 760 1258 797 γίγνεται·
1280 759 1429 787 ’δεσποτῶν
1443 757 1512 787 πάνυ
1528 760 1656 787 πολλῶν
1648 771 1701 787 εστι
1719 760 1763 787 καὶ
1778 770 1871 796 μαινο-

1077 804 1158 838 μένων
1178 799 1354 853 απηλλάχθαι
1383 799 1446 828 ἀλλὰ
1465 802 1509 829 καὶ
1525 813 1624 830 τουτων
1641 804 1699 839 πὲρι
1716 802 1760 829 καὶ
1777 801 1827 829 τῶν
1843 812 1873 839 γε

1076 844 1143 884 πρὸς
1164 843 1225 874 τοὺς
1247 843 1356 874 οἰκείους
1375 845 1422 881 μία
1443 854 1481 875 τις
1499 843 1569 871 αἰτία
1588 845 1664 876 ἐστίν,
1687 855 1718 872 ου
1735 843 1765 871 τὸ
1783 844 1872 881 γῆρας,

1077 886 1097 914 ὠ
1115 885 1263 924 Σώκρατες,
1287 883 1338 913 ἀλλ’
1360 884 1374 914 ὁ
1397 885 1495 926 τρόπος
1518 885 1568 914 τῶν
1591 884 1748 923 ἇιθρώπων.
1775 884 1807 913 ἆν
1826 887 1874 922 μὲν

1076 927 1127 967 γὰρ
1149 927 1254 965 κόσμιοι
1275 929 1319 956 καὶ
1340 927 1441 956 εὔκολοι
1462 940 1522 960 ωσι,
1550 941 1593 956 και
1614 927 1644 956 τὸ
1667 928 1747 966 γῆρας
1765 929 1874 966 μετρίως

1078 972 1147 999 ἐστὶν
1165 972 1299 999 ἐπίπονον·
1319 970 1341 998 εἶ
1359 971 1385 998 δὲ
1401 970 1445 1019 μη,
1464 971 1507 998 καὶ
1523 971 1612 1009 γῆρας,
1631 971 1651 998 ὦ
1668 969 1812 1008 Σώκρατες,
1830 970 1873 997 καὶ

1077 1012 1165 1048 νεότης
1183 1012 1285 1048 χαλεπὴ
1306 1013 1341 1050 τῷ
1363 1012 1471 1050 τοιούτῳ
1495 1014 1631 1050 ξυμβαίνει.
1675 1019 1715 1040 Ν.
1741 1013 1798 1040 Καὶ
1824 1011 1872 1050 ἐγὼ

1078 1054 1210 1094 ἀγασθεὶς
1229 1053 1309 1083 αυτοῦ
1326 1054 1447 1086 ειπόντος
1464 1067 1554 1087 ταυτα,
1574 1054 1752 1092 βουλόμενος’
1744 1056 1780 1083 ε’τι
1794 1056 1874 1093 λέγειν

1078 1097 1157 1127 αὐτὸν
1175 1099 1273 1126 ἐκίνουν
1289 1110 1333 1125 και
1350 1096 1434 1126 εἶπον·
1453 1098 1482 1125 :Q
1499 1100 1613 1134 Κέφαλε,
1633 1104 1637 1117 ¹
1657 1098 1731 1134 οἶμαί
1747 1109 1797 1125 σου
1813 1107 1874 1128 τους

1077 1139 1200 1173 πολλους,
1228 1139 1292 1168 ὅταν
1314 1140 1395 1168 ταῦτα
1417 1142 1503 1178 λέγης,
1532 1138 1577 1168 οὐκ
1597 1138 1790 1175 ἀποδέχεσθαι,
1820 1137 1871 1166 ἀλλ’

1075 1184 1205 1221 ἡγεῖσθαί
1226 1194 1256 1211 σε
1278 1183 1371 1221 ῥᾳδίως
1391 1182 1421 1210 τὸ
1439 1183 1521 1221 γῆρας
1537 1185 1623 1220 φέρειν
1641 1180 1671 1211 αὖ
1690 1181 1731 1210 διὰ
1749 1181 1795 1210 τὸν
1811 1180 1872 1219 τρό-

1076 1237 1135 1258 πον,
1155 1223 1219 1252 ἇλλὰ
1237 1225 1279 1252 διὰ
1296 1224 1327 1253 τὸ
1345 1224 1442 1260 πολλὴν
1460 1224 1553 1253 οὐσίαν
1569 1224 1725 1261 κεκτῆσθαι·
1751 1227 1807 1256 τοῖς
1823 1222 1875 1262 γὰρ

1076 1269 1212 1298 πλουσίοις
1237 1267 1321 1295 πολλὰ
1348 1266 1509 1305 παραμύθια
1541 1279 1622 1304 φασιν
1653 1271 1725 1295 εἶναι.
1767 1266 1874 1302 Λληθῆ,

1078 1311 1137 1346 ἔφη,
1155 1312 1244 1348 λὲγεις·
1273 1308 1304 1338 οὗ
1321 1309 1373 1348 γὰρ
1392 1308 1572 1345 αποδέχονται.
1599 1322 1643 1338 και
1660 1312 1764 1348 λέγουσι
1779 1311 1827 1346 μέν
1842 1320 1875 1341 τι,

1078 1364 1109 1381 ου
1125 1355 1213 1404 μέντοι
1229 1364 1258 1390 γε
1277 1351 1343 1380 ὅσον
1365 1355 1476 1385 οἴονται,
1500 1351 1564 1380 αλλὰ
1586 1351 1616 1380 τὸ
1638 1352 1686 1380 τοῦ
1705 1352 1873 1389 Θεμιστοκλέ-

1078 1406 1122 1426 ους
1139 1395 1167 1423 εὐ
1186 1396 1247 1431 ἔχει,
1271 1394 1300 1426 ὅς
1321 1394 1356 1432 τῷ
1373 1396 1486 1433 Σεριφίῳ
1504 1396 1691 1432 λοιδορουμένω
1708 1394 1752 1422 καὶ
1767 1396 1876 1433 λέγοντι,

1078 1436 1118 1466 ὅτι
1136 1449 1167 1466 ου
1185 1435 1215 1465 δι
1233 1436 1313 1466 αὑτὸν
1330 1441 1343 1455 *
1362 1435 1426 1465 αλλα
1445 1438 1486 1465 διὰ
1504 1437 1549 1473 τὴν
1565 1436 1641 1466 πόλιν
1655 1435 1793 1474 εὐδοκιμοῖ,
1809 1447 1874 1465 απε-

1077 1481 1195 1518 κρίνατο,
1223 1478 1264 1508 ὅτι
1291 1492 1337 1508 ουτ
1370 1478 1402 1508 ἇν
1428 1478 1507 1512 αυτὸς
1527 1481 1650 1518 Σεριφιος
1671 1478 1706 1508 ὧν
1728 1477 1876 1516 ὀνομαστὸς

1080 1525 1178 1561 ἐγένετο
1199 1519 1251 1550 ου’τ’
1273 1525 1368 1554 ἐκεῖνος
1384 1526 1533 1558 Λθηναῖος.
1560 1523 1603 1550 καὶ
1620 1525 1676 1553 τοῖς
1693 1520 1723 1557 δὴ
1739 1520 1775 1559 μὴ
1792 1523 1874 1549 πλου-

1079 1567 1153 1598 σίοις,
1168 1565 1289 1615 χαλεπῶς
1307 1566 1333 1593 δὲ
1352 1564 1381 1593 τὸ
1399 1565 1481 1604 γῆρας
1497 1567 1632 1614 φέρουσιν,
1651 1564 1679 1592 εὖ
1698 1565 1747 1600 ἔχει
1765 1562 1779 1592 ὁ
1799 1561 1877 1595 αὐτὸς

1079 1606 1168 1646 λόγος,
1192 1607 1232 1636 ὅτι
1254 1619 1300 1636 ουτ
1328 1606 1360 1635 ἄν
1382 1606 1396 1636 ὁ
1420 1607 1527 1643 ἐπιεικὴς
1547 1619 1617 1635 πανυ
1637 1619 1662 1635 τι
1683 1607 1776 1645 ῥᾳδίως
1795 1606 1878 1644 γῆρας

1078 1650 1144 1687 μετὰ
1162 1652 1251 1681 πενίας
1269 1652 1365 1689 ἐνέγκοι
1383 1648 1445 1678 ουθ’
1463 1648 1477 1678 ὅ
1495 1649 1530 1687 μὴ
1548 1648 1656 1684 ἐπιεικὴς
1669 1647 1819 1684 πλουτήσας
1832 1646 1875 1677 οὗ·

1079 1691 1156 1724 κολός
1181 1691 1239 1721 ποτ’
1266 1705 1298 1721 αν
1323 1692 1405 1734 ἑαυτῷ
1430 1695 1539 1731 γένοιτο
1582 1691 1704 1730 Πότερον
1729 1692 1768 1724 δέ,
1793 1691 1825 1727 ἠν
1850 1688 1877 1741 δί

1080 1734 1141 1774 ἐγώ,
1164 1736 1184 1763 ὦ
1201 1737 1319 1772 Κέφαλε,
1342 1736 1378 1763 ὠν
1398 1738 1518 1771 κέκτησαι
1539 1734 1571 1763 τὰ
1593 1736 1670 1762 πλείω
1685 1731 1877 1772 παρέλαβες,ἢ

1081 1777 1223 1813 ἐπεκτήσω,·
1242 1776 1308 1806 Ποῖ
1327 1776 1535 1814 ἐπεκτησάμην,“
1556 1778 1611 1814 ἔφη,
1629 1777 1650 1805 ὦ
1663 1775 1813 1828 Σώκρατεςς
1829 1777 1875 1813 με’-

1081 1831 1129 1852 σος
1150 1831 1188 1852 τις
1207 1823 1304 1859 γέγονα
1324 1820 1500 1857 χρηματιστὴς
1520 1818 1569 1848 τοῦ
1589 1831 1617 1848 τε
1637 1818 1750 1847 πάππου
1770 1818 1814 1846 καὶ
1830 1817 1878 1846 τοῦ

1080 1861 1188 1900 πατρός.
1216 1861 1230 1891 ὁ
1247 1865 1303 1912 μὲν
1328 1863 1380 1915 γὰρ
1407 1873 1517 1893 παππος
1541 1873 1569 1890 τε
1594 1862 1638 1890 καὶ
1663 1860 1799 1899 ομώνυμος
1821 1860 1877 1897 ἐμοὶ

1082 1905 1175 1941 σχεδον
1196 1917 1221 1933 τι
1243 1904 1308 1941 όσην
1330 1904 1379 1943 ἐγώ
1402 1905 1447 1933 νῦν
1469 1903 1561 1933 οὐσίαν
1582 1906 1702 1941 κέκτημαι
1718 1901 1878 1941 παραλαβὼν

1081 1947 1204 1979 πολλάκις
1221 1946 1352 1983 τοσαύτην
1371 1949 1486 1982 ἐποίησε,
1499 1948 1643 1996 Λυσανίας
1661 1947 1687 1975 δὲ
1706 1944 1720 1974 ὅ
1738 1944 1824 1983 πατὴρ
1842 1945 1878 1973 ἔτι

1082 1989 1177 2018 ελαττω
1201 1988 1280 2025 αὐτὴν
1298 1991 1402 2025 ἐποίησε
1421 1990 1465 2025 τῆς
1481 1989 1526 2018 νῦν
1544 1988 1633 2024 οὔσης·
1662 1988 1711 2028 ἐγὼ
1729 1989 1756 2017 δὲ
1775 1986 1876 2026 αγαπῶ,

1083 2033 1127 2061 έαν
1142 2032 1178 2070 μὴ
1197 2031 1292 2060 ἐλαττω
1310 2034 1442 2060 καταλίπω
1460 2033 1584 2064 τουτοισί,
1605 2030 1667 2059 αλλὰ
1675 2031 1777 2080 βραχεῖ
1791 2032 1822 2071 γε’
1838 2041 1875 2058 τι-

1082 2088 1104 2104 νι
1121 2077 1199 2103 πλείω
1217 2074 1232 2110 ἢ
1253 2075 1409 2112 παρέλαβον.
1456 2076 1492 2103 Οὐ
1514 2086 1554 2102 τοι
1568 2074 1646 2123 frena
1667 2071 1778 2111 ἠρόμην,
1800 2072 1830 2107 ἢν
1851 2069 1875 2099 δ’

1082 2117 1138 2156 ἐγώ,
1159 2116 1198 2146 ὅτι
1215 2129 1261 2154 μοι
1279 2118 1370 2149 ἔδοξας
1388 2129 1419 2145 ου
1437 2115 1542 2154 σφόδρα
1560 2114 1667 2168 αγαπᾶν
1683 2122 1686 2136 ¹
1702 2115 1735 2144 τὰ
1750 2113 1878 2168 χρηματα.

1082 2160 1160 2189 τοῦτο
1183 2160 1210 2188 δὲ
1231 2160 1354 2188 ποιοῦσιν
1375 2158 1409 2190 ὦς
1430 2158 1460 2187 τὸ
1483 2158 1550 2187 πολὺ
1573 2171 1597 2187 οι
1620 2171 1652 2186 αν
1671 2157 1706 2195 μὴ
1725 2156 1800 2186 αυτοὶ
1816 2155 1876 2192 κτή-

1083 2213 1189 2231 σωνται
1219 2203 1245 2231 οἶ
1263 2203 1289 2230 δὲ
1307 2213 1464 2238 κτησαμενοι
1482 2200 1590 2238 διπλῇ”
1574 2214 1590 2236 η
1608 2201 1634 2229 οἳ
1652 2199 1725 2229 ἄλλοι
1744 2198 1875 2232 ἇσπαζον-

1082 2258 1124 2274 ται
1147 2243 1220 2273 αὐτα.
1248 2246 1330 2281 ωςπερ
1348 2256 1403 2293 ,γαρ
1426 2245 1452 2272 οἱ
1469 2256 1576 2279 ποιηται
1593 2243 1626 2271 τὰ
1645 2242 1729 2271 αὐτῶν
1745 2241 1877 2279 ποιήματα

1082 2288 1125 2316 καὶ
1143 2288 1169 2316 οἶ
1186 2289 1294 2325 πατέρες
1311 2298 1372 2318 τους
1388 2287 1485 2318 παῖδας
1503 2284 1632 2324 αγαπῶσι,
1651 2297 1732 2322 ταυτῃ
1749 2296 1776 2313 τε
1792 2283 1822 2320 δὴ
1836 2284 1878 2312 καὶ

1083 2331 1109 2359 οἱ
1128 2329 1350 2368 χρηματισάμενοι
1371 2330 1430 2366 περὶ
1447 2328 1480 2357 τὰ
1496 2327 1617 2366 χρήματα
1636 2326 1828 2360 σπουδάζουσιν
1845 2323 1878 2357 ὦς

1084 2374 1159 2411 ἔργον
1181 2372 1289 2405 ἑαυτῶν,
1316 2372 1360 2400 καὶ
1380 2371 1447 2400 κατὰ
1470 2383 1516 2407 την
1535 2373 1635 2424 χρείαν,
1661 2372 1728 2408 ᾐπερ
1751 2370 1777 2398 οἱ
1798 2367 1877 2397 α’λλοι

1080 2415 1192 2451 χαλεποὶ
1213 2415 1259 2443 οὖν
1280 2415 1323 2442 καὶ
1346 2416 1521 2453 ξυγγενέσθαι
1541 2413 1618 2446 εἰσίν,
1646 2412 1720 2441 ουδὲν
1745 2413 1878 2442 εθέλοντες

1084 2460 1196 2486 ἐπαινεῖν
1220 2455 1271 2484 αλλ’
1294 2456 1310 2492 ἢ
1333 2456 1379 2485 τὸν
1404 2456 1525 2485 πλουτον.
1569 2455 1678 2491 Αληθῆ,
1707 2455 1766 2507 ἔφη,
1793 2456 1876 2492 λέγεις-

1084 2498 1209 2528 v.11‹irv
1225 2502 1272 2536 μὲν
1291 2511 1348 2532 ουν,
1373 2500 1430 2534 ’ἠν
1448 2497 1472 2526 δ’
1490 2497 1546 2537 ἐγω.
1574 2496 1638 2525 ἀλλά
1654 2509 1701 2535 μοι
1718 2509 1754 2526 ετι
1770 2494 1878 2525 τοσόνδε

1083 2542 1148 2571 εἶπέ·
1168 2544 1193 2570 τί
1208 2544 1331 2581 μέγιστον
1349 2544 1397 2570 οῗει
1413 2539 1521 2582 ἀγαθὸν
1538 2539 1737 2569 απολελαυκέναι
1751 2538 1798 2568 τοῦ
1811 2540 1876 2566 πολ-

1083 2585 1128 2620 λὴν
1145 2582 1238 2613 οὐσίαν
1255 2585 1413 2620 κεκτῆσθαις
1436 2583 1473 2616 ’0,
1491 2583 1507 2619 ἡ
1524 2581 1548 2610 δ
1566 2581 1602 2615 ὅς,
1621 2585 1683 2613 ἴσως
1700 2594 1746 2623 ουκ
1765 2593 1796 2609 αν
1811 2581 1876 2608 πολ-

1083 2626 1144 2659 λοὺς
1161 2628 1278 2664 πείσαιμι
1296 2629 1383 2676 Ze'ymv.¹
1409 2621 1437 2655 εὖ
1453 2625 1505 2665 γὰρ
1523 2628 1596 2658 ισθι,
1619 2626 1679 2662 ἔφη,
1697 2636 1718 2652 ω
1734 2622 1876 2660 Σώκρατες,

1487 2668 1500 2675 ι-

1085 2669 1132 2702 ὅτι,
1151 2669 1255 2698 ε’πειδαν
1272 2681 1309 2701 τις
1327 2668 1402 2708 ἐγγὺς
1418 2669 1436 2706 ,η’
1453 2680 1500 2698 του
1518 2670 1627 2697 οἴεσθαι
1646 2665 1809 2702 τελευτήσειν,
1827 2664 1875 2695 εἷς·

1901 1440 1936 1460 88⁰

1984 2937 1998 3084 =····-’-*·-
1986 2901 1988 2924 νὴ
1986 2875 1988 2879 -
1986 2813 1990 2863 —-
1986 2707 1996 2790 „·—>
1986 2589 1990 2698 --—
1986 2307 1998 2579 —--————-—-„.—.-—-
