1998 3084
175 912 189 930 13

158 2224 194 2242 ¹280

215 153 263 178 274

215 230 367 265 κτήσασθαι
386 227 525 265 φρόνησινς
548 233 599 255 ΝΕ.
618 232 674 255 ΣΩ.
692 226 792 261 Σχεδὸν
810 224 936 262 οὗὸαμῶς.
963 232 1011 254 ΞΕ.

218 272 317 301 Ovuoz‘v
335 271 416 298 ταῦτα
435 271 456 297 εἷ
475 269 554 306 ταύτη
573 272 694 305 πέφυκεν,
714 268 788 296 οὐδέν
806 268 835 303 δὴ
853 270 1010 304 πλημμελοῖ-

214 326 261 352 μεν
279 313 311 341 ἂν
329 311 378 350 ἐγώ
396 324 423 340 τε
440 313 484 340 καὶ
503 311 535 340 σὺ
549 312 655 360 πρῶτον
668 313 714 348 μὲν
730 309 934 357 ἐπιχειρήσαντες
950 309 1012 337 ὅλου

215 356 425 393 παραδείγματος
447 354 509 382 ἰδεῖν
531 354 576 388 τὴν
596 365 675 388 φυσιν
693 356 719 380 ἐν
737 352 834 389 σμικρῷ
851 351 918 379 κατα
935 354 1013 403 μέρος

217 397 283 434 ἄλλῳ
300 397 502 434 παραδείγματι,
523 395 588 432 μετὰ
607 396 633 423 δὲ
651 395 733 422 ταῦτα
751 397 895 430 μέλλοντες,
922 394 964 420 ἐπι
981 393 1011 421 τὸ

216 440 263 468 τοῦ
281 439 416 475 βασιλέως,
437 441 560 476 μέγιστον
578 449 620 469 ον,
642 435 739 465 ταύτὸν
756 434 824 467 εἶδος
843 433 886 462 απ’
905 434 1010 463 ἐλαττό-

216 494 266 510 των
282 482 403 517 φέροντές
419 484 520 513 ποθεν,
540 479 581 508 διὰ
599 479 809 529 παραδείγματος
827 481 960 530 ἐπιγιειρεῖι
980 489 1012 504 αυ

218 525 260 558 τὴν
282 524 333 551 τῶν
354 522 420 550 κατὰ
442 521 518 551 πόλιν
539 523 686 559 θεραπείαν
709 524 782 557 τέχνῃ
804 522 943 558 γνωρίζειν,
971 531 1012 547 ινα

215 565 285 617 ύτταρ
301 562 360 606 *o’crt
382 563 515 601 ὀνείρατος
534 562 594 600 ἡμῖν
614 566 743 602 γίγνηται;
788 568 838 590 ΝΕ.
858 567 912 589 ΣΩ.
935 567 1013 589 ΙΙανυ

215 610 261 645 μὲν
279 619 325 636 ουν
343 605 441 644 ὀρθῶς.
485 612 533 635 ΞΕ
552 611 565 624 *
580 605 666 634 Πάλιν
684 606 713 640 δὴ
731 605 777 633 τοι
795 606 949 641 ἔμπροσθετ
967 603 1011 631 λό-

215 662 264 688 γον
283 647 450 684 αναληπτέον,
469 647 503 680 ὦς
521 648 605 683 ἐπειδὴ
624 649 658 684 τῷ
677 647 798 684 βασιλικῷ
815 649 881 684 γε’τει
898 646 940 681 τῆς
955 657 1013 682 περι

216 692 263 723 τὰς
288 691 375 722 πόλεις
401 693 542 728 ἐπιμελείας
569 689 755 727 ἆμφιςβητοῦσι
782 690 881 726 μυρίοι,
915 689 953 716 δεῖ
984 688 1012 720 6⁷)

216 733 317 765 πάντας
339 731 506 771 ἄποχωρίζειν
526 731 635 763 τούτους
652 733 695 760 καῖ
711 731 793 769 μόνον
812 734 907 759 ἐκεῖνον
925 733 1012 757 λιπεῖν.

216 777 260 805 καὶ
280 776 347 814 πρὸς
369 776 446 804 τοῦτο
470 775 499 810 δὴ
521 776 732 812 παραδείγματος
755 775 851 810 ἔφαμεν
877 774 930 800 δεῖν
956 772 1014 808 ἡμῖν

216 818 291 850 τιτό.ς
335 823 386 846 NE.
405 823 461 846 ΣΩ
479 818 534 846 Και
550 816 629 854 μα’λα.
674 822 742 844 ΧΧΙ.
762 821 810 844 ΞΕ.
830 817 861 842 Τι’
878 815 941 850 δῆτα
959 826 1011 841 πα-

216 859 343 899 ραδειγμα
364 871 402 891 τις
423 859 466 892 ἄν,
491 861 549 894 ἕχον
571 859 616 894 τὴν
638 857 716 893 αὐτην
737 857 868 892 πολιτικὴν
888 868 1011 894 πραγμα-

216 905 297 935 τείαν,
317 901 490 940 σμικρότατον
507 904 713 950 παραθέμειος
712 900 804 931 ικανῶς
822 898 854 927 ἂν
871 898 941 936 εὕροι
959 898 988 926 τὸ
1009 904 1012 918 ¹

217 944 382 982 ζητουμενονς
410 943 495 981 βούλει
511 943 578 981 πρὸς
597 942 670 975 Διός,
694 944 713 970 ὠ
731 948 880 979 Σωκρατες,
899 941 921 969 εἰ
938 939 972 977 μή
991 952 1013 968 τι

217 987 356 1035 πρόχειρον
378 987 464 1024 ἕτερον
487 987 589 1035 εᾷἵομεν,
617 983 668 1013 ἀλλ
691 980 737 1013 οὖν
758 984 803 1019 τήν
823 995 853 1022 γε
874 982 1014 1019 ὑφαντικὴν

216 1028 407 1082 προελωμεθας
432 1041 476 1057 και
492 1030 599 1063 ταύτην,
617 1027 639 1056 εἰ
658 1028 738 1059 δοκεῖ,
760 1027 794 1064 μὴ
812 1027 915 1058 πᾶσαν;
944 1024 1012 1053 ἀπο-

215 1072 304 1121 χρήσει
326 1071 396 1120 γὰρ
400 1074 462 1102 ἴσως
482 1069 497 1106 ἦ
519 1071 577 1108 περὶ
600 1070 631 1098 τὰ
654 1073 680 1098 ἐκ
698 1070 749 1098 τῶν
767 1071 840 1107 ἐρίων
856 1067 1011 1104 υφοῖσματα

217 1127 284 1150 ταχα
305 1113 357 1152 γὰρ
380 1112 412 1141 ἂν
433 1112 492 1150 ἡμῖν
513 1114 557 1141 καὶ
578 1113 656 1141 τοῦτο
675 1112 705 1140 τὸ
723 1114 801 1149 μέρος
819 1109 897 1146 αὐτῆς
913 1122 1012 1147 μαρτυ-

216 1155 302 1195 ρήσειε
323 1157 487 1193 προαιρεθὲν
509 1154 524 1184 ὅ
547 1154 708 1192 βουλόμεθα.
758 1159 807 1182 NE
831 1158 887 1181 ΣΩ.
911 1154 943 1180 Τί
963 1164 1014 1190 γαρ

218 1198 263 1233 οὖ,-
308 1203 356 1227 ΞΕ.
380 1199 412 1226 Τί
433 1198 496 1233 δῆτα
519 1196 562 1229 οὐ,
587 1196 713 1234 καθαπερ
736 1200 761 1224 ἐν
783 1199 838 1227 τοῖς
861 1196 1015 1232 ἔμπροσθεν

217 1244 350 1279 τέμνοντες
369 1242 433 1277 μέρη
453 1240 538 1289 μερῶν
559 1240 670 1268 ἕκαστον
696 1237 873 1276 διῃρούμεθα,
901 1238 945 1265 καὶ
971 1237 1015 1264 νῦν

217 1296 276 1321 περι
297 1282 437 1319 ὑφαντικὴν
458 1281 554 1310 ταυτὸν
576 1288 580 1303 ¹
603 1280 671 1311 τοῦτ
694 1280 852 1319 ἐδρασαμεν,
878 1292 922 1308 και
948 1278 1014 1307 κατὰ

218 1325 324 1363 δυναμιτ
345 1324 362 1354 ὅ
382 1337 406 1353 τι
426 1324 540 1362 μάλιστα
562 1323 604 1352 διὰ
627 1325 741 1361 Βραχέων
762 1323 827 1358 ταχὺ
848 1319 923 1350 παντ’
941 1323 1014 1349 ἐπελ-

218 1367 315 1399 θόντες
340 1365 418 1395 πάλιν
443 1366 561 1404 η’λθομεν
588 1367 629 1394 ἐπὶ
655 1366 685 1394 τὸ
712 1367 757 1394 νῦν
780 1377 920 1402 χρησιμον;
964 1369 1015 1392 NE.

218 1416 274 1439 ΣΩ.
292 1409 356 1441 Πῶς
377 1412 467 1448 λέγειςς
511 1414 558 1437 ΞΕ.
577 1407 665 1444 4ὐτὴν
683 1408 728 1443 τὴν
746 1408 860 1439 διέξοδον
879 1405 1017 1456 ἇπόκρισίν

219 1465 263 1481 σοι
279 1464 432 1489 ποιησομαι.
476 1457 526 1479 ΝΕ.
546 1457 601 1479 ΣΩ.
620 1448 744 1479 mium-E
761 1448 837 1481 εἶπες.
882 1454 930 1478 ΞΕ
944 1447 1016 1476 Ἐστι

217 1497 304 1524 τοίνυν
325 1493 411 1522 πάντα
433 1492 504 1531 ἡμῖν,
528 1492 617 1522 ὁπόσα
637 1493 840 1531 δημιουργουμεν
857 1492 900 1519 καὶ
918 1502 1014 1527 κτωμε

220 1541 268 1570 θα,
287 1537 320 1565 τὰ
335 1539 383 1574 μὲν
401 1537 472 1564 ἕνεκα
490 1536 537 1564 τοῦ
555 1539 640 1564 ποιεῖν
657 1548 688 1568 τι,
707 1535 739 1564 τὰ
755 1536 781 1563 δὲ
797 1534 844 1563 τοῦ
858 1533 893 1571 μὴ
907 1532 1017 1568 πάσχειν

220 1578 371 1617 ἆμυντήρια’
399 1580 443 1606 καὶ
460 1578 511 1607 τῶν
530 1577 688 1629 ἀμυντηρίων
706 1578 738 1606 τὰ
755 1580 802 1615 μὲν
821 1575 1016 1613 ἀλεξιφάρμακα

218 1623 262 1651 καὶ
279 1625 344 1650 θεῖα
362 1622 406 1650 καὶ
424 1619 589 1672 ‹11¹199f15ntva3
608 1621 640 1649 τὰ
661 1627 664 1641 ¹
682 1621 707 1648 δὲ
722 1618 905 1658 προβλήματα
924 1618 975 1646 τῶι
991 1618 1017 1645 δὲ

218 1663 407 1713 προβλημάτων
425 1663 456 1692 τὰ
474 1666 520 1701 μὲν
537 1663 604 1701 πρὸς
621 1662 667 1691 τὸν
673 1662 796 1712 πόλεμρν
811 1660 968 1698 ὁπλίσματα,
984 1659 1016 1688 τὰ

219 1708 246 1736 δὲ
263 1717 416 1745 φραγματα·
442 1707 485 1734 καὶ
502 1706 553 1734 τῶν
569 1717 730 1744 φραγματωτ
747 1718 779 1733 τα
796 1706 843 1742 μὲν
860 1702 1015 1741 παραπετά-

219 1762 315 1787 σματα,
334 1749 366 1777 τὰ
385 1749 411 1777 δὲ
429 1748 496 1786 πρὸς
510 1749 637 1800 χειμῶνας
653 1749 696 1776 καῖ
714 1759 834 1785 καυματα
853 1744 1016 1783 αλεξητήρια·

218 1792 269 1821 τῶν
291 1792 318 1820 δὲ
341 1789 510 1829 ἆλεξητηρίων
530 1791 563 1819 τὰ
584 1793 632 1828 μὲν
653 1789 835 1829 στεγάσματα,
858 1788 890 1817 τὰ
910 1789 937 1816 δὲ
955 1799 1014 1816 σκε-

218 1844 359 1871 πασματα
386 1846 430 1861 και
451 1833 503 1861 τῶν
524 1832 716 1870 σκεπασμάτων
736 1830 948 1868 υποπετιίσματα
970 1832 1017 1867 μὲν

220 1875 292 1909 αλλα,
311 1875 524 1914 περικαλυμματα
543 1876 602 1904 δὲ”’
588 1885 673 1913 nequ·
692 1873 924 1913 περικαλυμματων
942 1873 968 1901 δέ
984 1872 1016 1900 τὰ

217 1921 264 1957 μὲν
282 1917 433 1954 ολόσχιστα,
452 1917 568 1950 ξύνθετα
587 1918 646 1946 δὲ
631 1928 716 1956 ετερα
743 1917 794 1946 τῶν
812 1918 838 1945 δὲ
858 1923 862 1937 ¹
882 1917 1018 1945 συνθέτων

218 1961 251 1990 τὰ
267 1963 315 2011 μὲν
331 1973 424 1999 τρητα,
447 1960 479 1989 τὰ
502 1961 529 1989 δὲ
552 1959 613 1988 ἇιευ
630 1971 743 2009 τρησεως
760 1957 878 1992 ξυνδετα
906 1970 950 1986 και
966 1957 1018 1986 τῶν

220 2002 336 2042 ἆτρήτων
353 2003 385 2032 τὰ
402 2005 450 2040 μὲν
466 2002 567 2041 νεύρινα
585 2003 673 2039 φυτῶν
691 2006 716 2030 ἐκ
733 2003 791 2041 γῆς,
810 2001 842 2030 τὰ
862 2002 888 2029 δὲ
906 2002 1015 2038 τρίχινα’

218 2046 270 2075 τῶν
287 2047 314 2074 δὲ
331 2047 448 2083 τριχῖνων
464 2044 497 2073 τὰ
513 2047 561 2082 μὲν
577 2044 656 2074 υδασι
672 2057 715 2073 και
737 2045 771 2083 γῇ
793 2042 916 2079 κολλητά,
939 2042 972 2071 τὰ
991 2043 1017 2070 δὲ

220 2087 286 2117 αὐτὰ
305 2086 394 2119 αὗτοῖς
412 2086 528 2116 συνδετα.
555 2099 672 2117 τουτοισι
691 2087 720 2122 δὴ
738 2091 794 2119 τοῖς
809 2090 835 2115 ἐκ
850 2086 902 2114 τῶν
916 2087 1018 2116 ἑαυτοῖς

220 2133 265 2163 ξυτ
266 2132 394 2168 δουμένων
416 2133 588 2182 ἐργασθεῖσιν
607 2129 770 2167 ἀμυντηρίοις
786 2142 830 2157 και
848 2139 1017 2165 σκεπασμασι

219 2173 249 2202 τὸ
267 2175 315 2211 μὲν
332 2171 415 2209 ὄνομα
435 2171 523 2205 ἱματια
543 2175 710 2223 ἐκαλέσαμεν
735 2172 781 2208 τὴν
798 2172 825 2200 δὲ
843 2171 893 2199 τῶν
911 2171 1017 2207 ἱματίων

218 2214 333 2253 μάλιστα
356 2217 551 2252 ἐπιμελουμένην
572 2218 672 2265 τέχνην,
695 2214 790 2266 ὥςπερ
799 2213 859 2242 τότε
880 2213 926 2249 τὴν
942 2213 987 2248 τῆς
1004 2216 1017 2230 *

219 2257 320 2289 πόλεως
335 2257 467 2293 πολιτικὴν
484 2269 596 2295 ειπομεν,
617 2269 684 2286 ουτω
701 2270 744 2285 και
762 2257 807 2285 νῦν
825 2254 919 2291 ταύτην
935 2265 1015 2292 προς-

220 2302 330 2337 είπωμεν
348 2297 391 2327 απ’
409 2297 490 2328 αυτοῦ
505 2300 552 2328 τοῦ
559 2299 728 2353 πράγματος
737 2296 942 2336 ἱματιουργικην,·
960 2297 1016 2333 φῶ-

219 2354 266 2381 μεν
284 2343 311 2370 δε
328 2342 372 2370 καὶ
388 2340 535 2378 ὖφαντικήν,
555 2342 620 2371 ὅσον
638 2343 679 2370 ἐπὶ
698 2342 729 2380 τῇ
747 2342 797 2370 τῶν
815 2342 922 2379 ἱματίων
939 2344 1016 2386 ἐργα-

221 2386 265 2421 σίᾳ
281 2387 404 2423 μέγιστον
421 2384 451 2419 ἦν
466 2384 567 2432 μόριον,
585 2385 663 2422 μηδὲν
681 2386 810 2421 διαφέρειν
826 2384 892 2418 πλὴν
910 2381 1017 2418 ὀνόματι

220 2426 314 2462 ταύτης
330 2427 374 2462 τῆς
391 2427 588 2464 ἶματιουργικῆς,
607 2426 733 2464 καθαπερ
748 2425 821 2454 κάκεῖ
835 2425 893 2454 τότε
908 2424 954 2461 τὴν
969 2425 1016 2461 βα-

221 2468 318 2504 σιλικὴν
335 2468 380 2504 τῆς
395 2469 537 2504 πολιτικῆς;
582 2475 631 2497 NE.
650 2475 706 2497 ΣΩ
723 2467 875 2507 Ὀρθότατα
892 2479 930 2506 γε
969 2472 1018 2495 ΞΕ.

223 2511 259 2540 Τὸ
281 2511 346 2548 μετὰ
369 2511 447 2539 τοῦτο
470 2510 501 2546 δὴ
523 2511 754 2561 συλλογισωμεθα,
783 2510 824 2540 ὅτι
844 2510 891 2546 τὴν
912 2511 1019 2547 ἱματίων

221 2552 362 2590 ὑφαντικὴν
383 2553 450 2582 ου’τω
472 2552 604 2591 ῥηθεῖσαν
625 2565 662 2585 τις
683 2552 738 2589 τάχ’
759 2552 791 2581 ἂν
813 2553 906 2584 ἱκανῶς
925 2558 929 2572 ¹
948 2551 1017 2589 εἰρῆ-

223 2600 293 2625 σθαι
311 2595 400 2628 δόξειε,
418 2594 452 2632 μὴ
471 2595 610 2632 δυνάμενος
627 2596 770 2628 ξυννοεῖν,ί
760 2595 800 2624 σ’τι
817 2597 868 2624 τῶν
883 2597 931 2632 μὲν
946 2593 1020 2632 ἐγγὺς

223 2639 350 2676 ξυνεηγῶν
367 2636 440 2666 ου’πω
458 2636 602 2675 διωρισται,
620 2639 723 2666 πολλῶν
740 2639 767 2666 δὲ
784 2640 876 2675 ἑτέρων
893 2637 1020 2675 ξυγγενῶν

224 2679 396 2718 ιῖπεμερίσθη.
427 2685 478 2708 ΝΕ.
496 2686 551 2708 ΣΩ.
570 2682 668 2713 Ποίων,
687 2680 753 2714 εἶπέ,
772 2681 911 2719 ξυγγενῶν,·
938 2685 1019 2707 xxu.

893 147 1187 174 PLATONIS

1038 234 1040 244 ¹
1063 232 1111 254 ΞΕ
1133 223 1186 260 Ουχ
1204 225 1291 266 ἕσπου
1307 229 1362 257 τοῖς
1384 229 1528 261 λεχθεῖσιν,
1548 224 1582 257 ὧς
1598 227 1694 262 φαίνει
1717 224 1795 254 πάλιν
1812 238 1858 254 ουν

1039 288 1040 296 1
1063 270 1143 296 ἔοικεν
1162 270 1295 294 ἐπανιτέον
1313 268 1456 305 αρχόμειον
1474 267 1527 296 ἀπὸ
1546 268 1666 303 τελευτῆς.
1694 267 1716 295 εἶ
1733 267 1784 305 γὰρ
1799 270 1858 299 ξυν-

1063 313 1130 340 νοεῖς
1151 309 1196 344 τὴν
1218 309 1374 344 οικειότητα,
1401 310 1446 345 τὴν
1470 313 1517 347 μὲν
1543 311 1689 347 διετέμομεν
1715 307 1758 337 ἇπ
1784 308 1860 345 αὐτῆς

1063 353 1107 379 νῦν
1125 351 1166 385 δή,
1189 350 1235 384 τὴν
1253 351 1302 378 τῶν
1319 351 1477 388 στρωμάτων
1499 352 1638 384 συιθεσιν,
1661 352 1785 388 περιβολῇ
1805 363 1858 386 χω-

1063 395 1173 430 ρι’ζοιτες
1199 393 1242 419 καὶ
1267 391 1394 430 ὑποβολῇ.
1447 400 1497 421 NE.
1525 399 1579 422 ΣΩ.
1608 393 1758 422 Μανθάνω.
1812 399 1859 421 ΞΕ.

1063 436 1118 463 Και
1134 434 1185 472 μὴν
1208 441 1211 454 ¹
1235 434 1280 469 τὴν
1303 438 1328 462 ἐκ
1351 436 1401 463 τῶν
1421 437 1494 463 λίνων
1516 449 1559 463 και
1581 448 1705 473 σπαρτων
1726 436 1769 463 καὶ
1790 447 1857 462 παν-

1064 489 1125 509 των,
1154 475 1244 504 ὁπόσα
1265 477 1353 512 φυτῶν
1376 476 1432 514 ἄρτι
1454 478 1531 514 νεῦρα
1553 478 1619 506 κατὰ
1638 478 1726 527 'Zbyqv
1747 480 1860 514 εἴπομεν,

1065 519 1232 556 δημιουργίαν
1257 518 1348 546 πᾶσαι
1375 517 1522 556 αφείλομεν
1553 520 1598 555 τήν
1625 533 1638 548 τ
1674 532 1707 548 αυ
1732 518 1862 554 πιλητικὴν

1066 560 1261 601 αφωρισιὶμεθα
1284 573 1326 588 και
1349 560 1393 595 τὴν
1415 562 1445 598 τῇ
1467 561 1554 598 τρήσει
1576 563 1618 590 καὶ
1641 562 1711 600 ῥαφῇ
1731 564 1862 598 χρωμένην

1065 603 1201 635 σύνθεσιν,
1222 603 1248 637 ἧς
1266 601 1280 637 ἣ
1298 605 1403 638 πλείστη
1423 604 1600 640 σκυῐοτομική.
1645 610 1695 632 NE.
1714 610 1768 631 ΣΩ.
1785 602 1862 631 Πάνυ

1063 648 1110 682 μὲν
1128 645 1181 673 οὑν
1226 650 1273 673 ΞΕ.
1296 646 1351 672 Koa
1373 647 1459 673 τοίνυν
1479 646 1524 681 τὴν
1546 658 1596 674 των
1618 645 1779 681 ὁλοσχίστων
1801 657 1860 673 σκε-

1065 699 1210 724 ssatrpurffll‘
1226 688 1372 723 θεραπείαν
1388 688 1603 726 δέθμαῖθὶργίῖίην
1617 701 1659 715 καί
1675 699 1721 719 'lag
1736 689 1786 716 103¹!
1801 699 1860 715 ΠΒ-

1064 729 1219 768 γασμάτων,
1247 728 1309 757 ὅσαι
1332 741 1360 757 τε
1378 733 1404 757 έν
1426 730 1576 776 οἰκοδομικῇ
1598 731 1640 758 καὶ
1663 729 1709 767 ὅλῃ
1732 730 1863 766 τεκτονικῇ

1065 773 1107 800 καῖ
1127 776 1152 799 ἐν
1171 771 1258 802 αλλαις
1280 774 1376 806 τέχναις·
1395 783 1531 821 ρευματωτ
1549 779 1553 792 “
1574 784 1699 800 σῐεκτικαι
1722 774 1861 810 γίγνονται,

1066 813 1208 851 συμπάσας
1227 812 1371 850 ἇφείλομεν,
1391 813 1453 842 ὅσαι
1471 826 1497 842 τε
1512 815 1571 851 περὶ
1586 814 1632 846 τὰς
1646 814 1745 845 κλοπὰς
1759 827 1802 842 και
1817 825 1863 845 τας

1066 857 1107 893 βίᾳ
1125 855 1207 893 πραξε
1197 866 1231 886 εις
1249 855 1444 884 διακωλυτικὰ’
1436 858 1498 894 ἔργα
1515 859 1672 893 παρέχονται
1690 860 1775 897 τέχναι
1791 869 1860 893 φρα-

1064 898 1181 946 γμάτων,
1208 899 1267 935 περί
1288 910 1314 926 τε
1336 901 1436 936 γένεσιν
1457 900 1697 948 ἐπιθηματουργίας
1719 899 1797 927 οὖσαι
1819 911 1863 926 και

1065 942 1112 972 τὰς
1129 941 1180 969 τῶν
1198 940 1363 977 θυρωματων
1379 940 1478 976 πήξεις,
1500 941 1663 979 γομφωτικῆς
1682 939 1860 978 απονεμηθεῖ-

1066 995 1111 1011 σαι
1131 982 1211 1020 μόρια
1234 985 1330 1018 τέχνης·
1354 982 1398 1018 τήν
1420 995 1447 1011 τε
1469 981 1640 1018 ὁπλοποιὶκὴν
1666 981 1862 1020 απετεμόμεθα,

1065 1025 1177 1068 μεγαλης
1197 1037 1241 1052 και
1262 1027 1389 1056 παντοίας
1411 1026 1454 1060 τῆς
1479 1026 1751 1078 προβληματουργικῆς
1777 1026 1862 1062 τμῆμα

1066 1069 1150 1096 οὖσαν
1167 1066 1308 1104 δυνάμεως,
1333 1080 1376 1095 και
1399 1068 1428 1103 δη
1450 1080 1492 1095 και
1511 1068 1556 1103 τὴν
1571 1068 1725 1117 μμ-γιειιτικὴν
1743 1067 1788 1103 τὴν
1804 1079 1863 1104 περι

1065 1110 1098 1138 τὰ
1127 1116 1131 1130 ¹
1160 1108 1355 1147 αλεξιφαρμακα
1382 1108 1436 1138 κατ’
1465 1108 1547 1147 αρχας
1572 1109 1654 1142 εὐθὺς
1673 1109 1863 1159 διωρισαμεθα

1066 1152 1214 1189 ξύμπασαν,
1233 1153 1276 1180 καὶ
1293 1154 1454 1199 λελοίπαμεν,
1470 1152 1504 1183 ὡς
1521 1152 1642 1190 δόξαιμεν
1660 1151 1699 1185 α’ν,
1723 1151 1802 1187 αὐτὴν
1819 1151 1864 1188 τὴν

1066 1197 1225 1230 ζητηθεῖσαν
1250 1193 1389 1244 ρμυντικὴτ
1412 1206 1554 1231 χειμωνων,
1583 1195 1655 1232 ἐρεοῦ
1680 1196 1864 1232 προβληματος

1066 1235 1226 1275 ἐργαστικήν,
1245 1248 1329 1273 ονομα
1348 1235 1404 1265 δὲ
1391 1237 1530 1273 υφαντικὴν
1544 1240 1695 1273 λεχθεῖσαν.
1738 1243 1789 1265 ΝΕ.
1807 1241 1864 1264 ΣΩ.

1061 1278 1144 1307 Εοικε
1161 1278 1212 1317 γὰρ
1232 1279 1285 1307 οὖν.
1328 1284 1376 1307 ΞΕ.
1395 1277 1457 1307 Λλλ’
1475 1291 1520 1308 ουκ
1537 1281 1590 1308 ἐστι
1604 1291 1645 1307 πω
1663 1282 1755 1312 τέλεον,
1771 1291 1792 1307 ω
1805 1291 1863 1312 παι,

1067 1333 1145 1350 τουτο
1168 1323 1324 1359 λελεγμένον.
1351 1320 1365 1349 ὁ
1388 1321 1440 1360 γὰρ
1467 1325 1493 1349 ἐν
1520 1320 1586 1359 αρχῇ
1612 1322 1656 1357 τῆς
1681 1322 1732 1349 τῶν
1757 1322 1864 1358 ἱματίων

1068 1365 1191 1402 ἐργασίας
1209 1362 1355 1401 ἁπτόμενος
1372 1362 1523 1392 τούιαντίον
1544 1369 1557 1381 ⁸
1578 1364 1631 1401 ὑφῇ
1654 1364 1717 1401 δρᾶν
1737 1365 1863 1400 φαίνεται.

1068 1412 1119 1434 NE.
1137 1411 1192 1433 ΣΩ.
1211 1406 1281 1437 Πῶς.
1324 1411 1373 1434 ΞΕ.
1394 1406 1430 1434 Τὸ
1451 1408 1499 1443 μὲν
1519 1407 1564 1442 τῆς
1583 1405 1649 1443 υφής
1671 1404 1806 1443 συμπλοκή
1827 1407 1865 1437 τίς

1069 1450 1124 1477 ἐστι’
1147 1460 1207 1476 που.
1252 1454 1302 1476 NE.
1321 1453 1377 1476 ΣΩ.
1395 1450 1458 1476 Ναί.
1502 1454 1550 1477 ΞΕ.
1570 1449 1606 1477 Τὸ
1630 1449 1657 1477 δέ
1676 1460 1706 1487 γε
1728 1449 1779 1477 τῶν
1800 1460 1862 1477 σνν-

1068 1490 1187 1519 εστώτων
1203 1491 1248 1518 καὶ
1265 1494 1492 1528 συμπεπιλημὲνων
1507 1490 1641 1526 διαλυτική.
1686 1496 1735 1518 ΝΕ.
1754 1496 1809 1519 ΣΩ.
1827 1490 1863 1519 Τὸ

1067 1537 1147 1562 ποῖον
1165 1531 1207 1568 δής
1251 1538 1300 1561 ΞΕ.
1320 1533 1356 1561 Τὸ
1375 1534 1419 1568 τῆς
1436 1534 1483 1562 τοῦ
1498 1535 1640 1586 ξαίνρντος
1645 1536 1732 1569 τέχνης
1747 1534 1831 1571 ἔργον.
1848 1531 1864 1568 ἦ

1068 1576 1113 1611 τὴν
1131 1575 1249 1610 ξαττικὴν
1266 1574 1455 1612 τολμήσομεν
1442 1576 1583 1612 υφαντικὴν
1597 1576 1640 1604 καὶ
1657 1576 1703 1604 τὸν
1720 1574 1814 1611 ξαν-την
1830 1573 1865 1607 ὦς

1069 1617 1132 1646 ὄντα
1145 1630 1260 1654 υφαντην
1274 1620 1372 1651 καλεῖν,’
1395 1624 1445 1646 NE.
1461 1624 1516 1646 ΣΩ.
1533 1617 1664 1656 Ουδαμῶς.
1687 1624 1735 1646 ΞΕ.
1748 1619 1803 1646 Ka:
1815 1630 1865 1654 μην

1068 1660 1113 1696 τήν
1125 1673 1155 1699 γε
1170 1673 1202 1688 av
1216 1660 1344 1697 στήμονος
1357 1661 1509 1699 ἐργαστικὴν
1523 1662 1566 1689 καὶ
1581 1660 1673 1699 κρόκης
1687 1663 1714 1689 εί
1726 1671 1764 1692 τις
1779 1672 1863 1697 υφαν-

1067 1702 1138 1739 τικὴν
1151 1703 1345 1741 προςαγορευει,
1365 1702 1518 1741 παράδοξόν
1536 1715 1563 1732 τε
1581 1716 1625 1732 και
1643 1704 1740 1740 ψεῦδος
1758 1709 1762 1723 ¹
1781 1701 1865 1740 ονομα

1067 1747 1139 1795 λέγει.
1172 1751 1223 1773 ΝΕ.
1241 1751 1297 1773 ΣΩ
1313 1746 1376 1777 Πῶς
1389 1746 1441 1784 γὰρ
1457 1758 1500 1780 ους
1533 1751 1580 1774 ΞΕ.
1596 1748 1628 1774 Τί
1642 1747 1680 1779 65¹,-
1697 1744 1866 1782 κναφευιικὴν

1069 1787 1211 1825 σύμπασαν
1229 1801 1272 1816 και
1290 1787 1334 1823 τὴν
1357 1786 1491 1824 ακεστικὴν
1511 1787 1611 1826 πότερα
1631 1789 1757 1826 μηδεμίαν
1778 1789 1863 1825 ἐπιμέ-

1067 1833 1138 1859 λειαν
1150 1831 1214 1879 μηδὲ
1228 1843 1283 1858 τινα
1304 1833 1449 1868 θεραπείαν
1467 1831 1583 1867 ἐσθῆτος
1596 1830 1694 1868 θῶμεν,
1712 1829 1728 1866 ἢ
1739 1843 1784 1858 και
1801 1842 1863 1858 ταυ-

1068 1884 1115 1905 τας
1128 1884 1219 1904 πασας
1236 1871 1270 1904 ὧς
1286 1872 1427 1909 ὖφαντικὰς
1444 1876 1560 1910 λέξομενς
1588 1879 1638 1901 ΝΕ.
1657 1878 1712 1901 ΣΩ.
1733 1871 1864 1914 Ουδαμῶς.

1068 1921 1117 1944 ΞΕ.
1135 1915 1209 1944 Λλλὰ
1227 1915 1276 1952 μὴν
1294 1916 1338 1951 τῆς
1353 1927 1383 1954 γε
1401 1917 1547 1953 θεραπείας
1565 1914 1801 1953 ἇμφιςβητήσουσιν
1815 1916 1863 1943 αὖ·

1068 1970 1111 1986 ται
1132 1957 1267 1995 ξύμπασαι
1289 1959 1333 1986 καῖ
1354 1958 1398 1994 τῆς
1418 1961 1541 2008 γενέσεως
1562 1959 1605 1994 τῆς
1625 1958 1676 1986 τῶν
1701 1958 1809 1995 ἱματίων
1832 1955 1864 1994 τῇ

1068 2001 1112 2036 τῆς
1131 1999 1271 2036 υφαντικῆς
1293 1999 1409 2037 δυναμει,
1430 2013 1459 2038 μ
1453 2004 1554 2039 ’γιστον
1568 2003 1616 2038 μὲν
1631 2002 1710 2038 μέρος
1727 2001 1807 2037 ἐκείνῃ
1825 2000 1862 2028 δι-

1069 2043 1174 2075 δοῦσαι,
1200 2042 1300 2081 μεγάλα
1324 2044 1350 2071 δὲ
1371 2043 1415 2070 καὶ
1433 2045 1523 2079 σφίσιν
1546 2041 1635 2074 αυταῖς
1653 2041 1839 2080 ἆπονέμουσαι.
1858 2047 1863 2062 ¹

1069 2091 1119 2113 NE.
1138 2090 1193 2113 ΣΩ.
1211 2084 1290 2113 Πάνυ
1307 2097 1344 2123 γε.
1388 2091 1436 2114 ΞΕ.
1454 2085 1530 2123 Πρὸς
1546 2087 1632 2114 τοίνυν
1648 2084 1754 2116 ταύταις
1769 2085 1805 2113 ἔτι
1819 2083 1865 2115 τὰς

1068 2128 1118 2156 τῶν
1136 2129 1272 2165 ἐργαλείων
1290 2127 1460 2166 δημιουργοὺς
1477 2130 1576 2163 τέχνας,
1600 2125 1629 2156 δι’
1649 2124 1685 2156 ὦν
1703 2125 1865 2155 ἀποτελεῖται

1069 2182 1101 2198 τα
1123 2171 1167 2205 τῆς
1187 2168 1253 2205 ὑφῆς
1275 2171 1350 2208 ε’ργα,
1373 2171 1458 2198 δοκεῖν
1476 2170 1526 2219 χρὴ
1548 2169 1579 2199 τό
1600 2182 1630 2208 γε
1652 2171 1785 2201 συναιτίας
1801 2167 1865 2198 εἶναι

1068 2211 1307 2250 προςποιήσασθαι
1332 2212 1432 2244 παντὸς
1455 2223 1620 2253 υφασματσς.
1663 2218 1714 2240 ΝΕ.
1733 2217 1789 2240 ΣΩ.
1806 2209 1862 2250 Ὀρ-

1070 2254 1184 2283 θότατα.
1228 2260 1276 2296 ΞΕ.
1294 2254 1416 2292 Πότερον
1438 2255 1485 2283 οὐν
1505 2254 1565 2292 ἡμῖν
1583 2267 1597 2284 ο
1615 2255 1674 2292 περὶ
1695 2254 1739 2291 τῆς
1754 2252 1862 2291 ὑφαντι-

1069 2297 1113 2332 κῆς
1130 2295 1216 2335 λόγος,
1236 2293 1267 2325 οὗ
1285 2296 1466 2334 προειλόμεθα
1483 2300 1583 2335 μέρους,
1603 2297 1696 2328 ἱκανῶς
1714 2298 1787 2325 ἔσται
1804 2297 1863 2324 διω-

1069 2342 1199 2376 ρισμένος,
1223 2338 1268 2367 ἐὰν
1290 2338 1329 2377 αρ’
1350 2338 1430 2375 αὐτὴν
1446 2340 1496 2368 τῶν
1515 2340 1671 2377 ἐπιμελειῶν,
1690 2337 1790 2368 ὁπόσαι
1806 2338 1865 2376 περὶ

1069 2382 1114 2416 τὴν
1140 2382 1214 2419 ἐρεᾶν
1240 2382 1356 2431 gastim„
1384 2382 1421 2413 εἰς
1445 2381 1491 2418 τὴν
1515 2384 1652 2417 καλλίστην
1676 2382 1720 2410 καὶ
1743 2383 1865 2430 μεγίστην

1068 2424 1163 2452 πασῶν
1183 2424 1312 2461 τιθῶμεν,·
1338 2423 1353 2460 ἢ
1377 2431 1380 2445 ¹
1403 2427 1520 2463 λέγοιμεν
1539 2427 1586 2462 μὲν
1608 2437 1640 2452 αν
1660 2436 1684 2452 τι
1707 2422 1865 2459 ἅληθὲς,ου

1067 2466 1118 2504 μὴν
1136 2469 1218 2502 σαφές
1234 2478 1264 2504 γε
1283 2465 1342 2495 οὐδὲ
1360 2469 1457 2499 τέλεον,
1479 2468 1540 2504 πρὶν
1562 2465 1594 2495 ἂν
1615 2467 1659 2494 καὶ
1676 2477 1772 2498 ταυτας
1789 2463 1865 2502 αυτῆς

1069 2507 1160 2540 πασας
1184 2511 1350 2546 περιέλωμενς
1394 2515 1445 2537 ΝΕ.
1468 2515 1523 2537 ΣΩ.
1545 2507 1653 2547 Ορθῶς.
1696 2514 1789 2537 xxm.
1815 2513 1864 2536 ΞΕ.

1072 2549 1172 2580 Ουκοῦν
1195 2551 1260 2588 μετὰ
1287 2552 1369 2580 ταῦτα
1395 2554 1517 2587 ποιητέον
1542 2550 1558 2580 ὅ
1583 2553 1701 2601 λέγομεν,
1724 2548 1754 2579 ι’ν’
1777 2549 1866 2587 ἐφεξῆς

1069 2592 1128 2630 ἡμῖν
1146 2605 1160 2622 ο
1179 2593 1282 2632 λόγος’
1274 2607 1312 2631 ιῃ;
1356 2600 1408 2622 ΝΕ
1426 2599 1481 2622 ΣΩ.
1499 2594 1564 2625 11ch-
1585 2591 1609 2624 δ
1629 2605 1674 2626 ους
1717 2598 1768 2622 ΞΕ.
1783 2592 1863 2630 1195-

1069 2647 1116 2664 τον
1131 2638 1179 2673 μὲν
1196 2639 1281 2665 τοίνυν
1299 2635 1345 2665 δύο
1362 2639 1453 2672 τέχνας
1469 2635 1551 2667 οὔσας
1567 2636 1627 2673 περὶ
1643 2648 1731 2664 παντα
1747 2634 1780 2664 τὰ
1797 2632 1863 2672 ὅρω-

1069 2689 1134 2716 pava
1161 2677 1339 2716 θεασώμεθα.
1388 2685 1438 2707 ΝΕ.
1460 2684 1516 2707 ΣΩ.
1540 2680 1628 2711 Τίναςς
1671 2684 1720 2707 ΞΕ.
1744 2676 1795 2712 Τὴν
1818 2678 1865 2714 μὲν

1884 211 1923 260 Ἰ.»

1875 282 1889 336 h

1886 442 1903 461 C

1887 1059 1928 1136 ‘’²'ss

1889 1371 1923 1391 281

1891 1710 1906 1729 B
