1998 3084
40 1650 74 1669 ²43

734 171 1107 198 MENEXENUS.

99 251 248 284 κατέστησε.
268 248 333 285 μετὰ
352 249 378 276 δὲ
396 248 473 277 τοῦτο
481 251 627 300 γενομένου
641 252 763 287 πολέμου,
782 253 889 287 συνέβα-

100 294 145 320 λον
169 293 216 328 μὲν
242 295 268 319 ἐν
291 290 412 328 Τανάγρᾳ
437 289 502 328 υπὲρ
529 291 573 327 τῆς
594 293 717 320 Βοιωτῶν
744 295 893 331 ἐλευθερίας

100 334 313 370 Λακεδαιμονίοις
340 340 343 353 ¹
366 331 521 369 μαχόμενοι,
550 332 771 372 ἆμφιςβητησίμου
797 338 823 364 δὲ
850 335 893 371 τῆς

97 374 180 414 μάχης
201 377 348 413 γενομένης,
376 375 478 412 διέκρινε
500 375 530 404 τὸ
552 375 663 413 ὕστερον
686 379 771 415 ἔργον
801 379 826 407 οῖ
846 380 893 415 μὲι

97 417 148 456 γὰρ
171 416 268 454 ὤχοντο
292 415 422 448 ἀπιόντες,
450 419 646 450 καταλείποντες
670 419 831 459 [Βοιωτοὺς]
855 424 893 451 οἱς

98 458 241 497 ἐβοήθουν,
265 459 291 486 οἱ
313 457 337 486 δ
357 457 473 496 ἡμέτεροι
495 462 566 497 τρίτῃ
589 460 667 498 ἡμέρᾳ
690 465 716 489 ἐν
740 462 893 499 Οἰνοφύτοις

97 511 243 537 νικήσαντες
264 500 324 532 τοὺς
346 499 436 532 ἀδίκως
457 514 601 540 φευγοντας
619 504 720 535 δικαίως
737 504 891 543 κατήγαγον.

99 545 172 573 οῦτοι
189 542 219 578 δὴ
235 543 334 580 πρῶτοι
350 543 415 579 μετὰ
434 544 480 572 τὸν
494 544 627 581 Περσικὸν
643 545 765 583 πόλεμον,
778 547 893 582 Ἐλλησιν

98 585 144 622 ἤδη
165 583 229 622 ὑπὲρ
250 584 295 620 τῆς
319 587 468 622 ἐλευθερίας
490 587 652 623 βοηθοῦντες
676 589 743 625 πρὸς
765 588 891 624 Έλληνας,

99 627 187 665 ἄνδρες
213 625 317 665 ἀγαθοὶ
342 627 476 665 γενόμενοι
502 630 544 656 καὶ
572 630 795 667 ἐλευθερώσαντες
821 629 859 662 οἷς
887 637 890 651 ¹

98 669 240 707 ἐβοήθουν,
268 672 294 696 ἐν
319 669 382 707 τῷδε
408 670 443 707 τῷ
463 670 575 708 μνήματι
596 675 747 709 τιμηθέντες
769 671 821 701 ὑπὸ
849 673 892 708 τῆς

96 711 194 743 πόλεως
218 710 317 749 πρῶτοι
344 714 482 747 ἐτέθησαν.
527 713 604 742 Meni
632 715 658 742 δὲ
684 714 766 743 ταῦτα
793 715 891 743 πολλοῦ

96 756 210 791 πολέμου
226 756 373 791 γενομένου,
391 766 435 782 και
449 754 553 783 πάντων
568 756 618 784 τῶν
630 755 751 791 (Ελλήνων
763 760 889 809 ἐπιστρα-

97 807 241 825 τευσαντων
257 808 301 823 και
318 795 447 833 τεμόντων
464 796 509 832 τὴν
524 797 613 835 χώραν
631 799 674 826 καὶ
692 797 800 831 ἀναξίαν
815 798 891 852 χάριν

97 836 243 867 ἐκτινόντων
264 838 295 875 τῆ
316 837 402 871 πόλει,
429 851 576 874 νικησαντες
599 839 692 872 αὐτοὺς
713 843 841 878 ναυμαχίᾳ
866 842 891 870 οἱ

95 879 211 918 ἡμέτεροι
232 892 275 908 και
280 879 418 929 λαβόντες
437 879 521 909 αὐτῶν
538 882 598 913 τοὺς
615 881 742 920 ἡγεμόνας
760 885 889 912 Λακεδαι-

95 924 200 961 μονίους
217 925 244 949 ἐν
260 921 292 960 τῇ
308 924 427 961 Σφαγίᾳ,
447 923 504 955 ἐξὸν
523 922 617 955 αυτοῦς
635 925 802 963 διαφθεῖραι,
822 928 889 962 ἐφεί-

98 977 177 994 σαντο
196 965 239 992 καὶ
258 962 402 998 απέδοσαν,
421 978 465 992 και
482 965 582 1003 ειρήνην
601 972 604 987 ¹
625 966 791 1002 ἐποιήσαντο,
810 967 888 1006 ἡγού-

95 1019 168 1045 μενοι
181 1006 248 1044 πρὸς
260 1009 316 1056 μὲν
321 1006 351 1035 τὸ
371 1005 504 1044 ομόφυλον
520 1010 593 1058 μέχρι
610 1010 678 1044 νίκης
695 1010 748 1037 δεῖν
761 1013 890 1047 πολεμεῖν,

97 1050 140 1078 καὶ
155 1047 190 1086 μὴ
208 1046 238 1077 δι
255 1047 336 1087 ὀργὴν
353 1049 421 1077 ἰδίαν
437 1049 537 1082 πόλεως
553 1050 583 1078 τὸ
602 1051 689 1079 κοινὸν
707 1053 756 1080 τῶν
769 1051 891 1087 Ἑλλήνων

99 1090 236 1123 διολλυναι,
258 1091 325 1128 πρὸς
347 1092 374 1119 δὲ
395 1091 456 1123 τοὺς
477 1091 624 1130 βαρβάρους
640 1096 713 1131 μέχρι
731 1094 890 1131 διαφθορᾶς

98 1132 204 1164 τούτους
226 1133 255 1168 δὴ
278 1132 351 1165 ἄξιον
373 1136 505 1162 ἐπαινέσαι
526 1135 587 1166 τοὺς
613 1134 719 1173 ἄνδρας,
747 1137 774 1165 οἳ
798 1137 892 1165 τοῦτον

98 1176 144 1205 τὸν
160 1174 274 1213 πόλεμον
290 1175 482 1213 πολεμήσαντες
500 1176 596 1205 ἐνθάδε
614 1181 718 1211 κεῖνται,
737 1177 776 1206 ὅτι
795 1180 890 1207 ἐπέδει-

100 1221 153 1252 ξαν,
171 1220 197 1246 εἴ
208 1228 247 1249 τις
265 1216 316 1267 ἆρα
333 1216 491 1255 ἦμφεςβήτει,
510 1217 545 1250 ὦς
562 1222 587 1247 ἐν
605 1220 640 1257 τῶ
658 1223 774 1258 προτέρῳ
789 1224 892 1258 πολέμῳ

99 1273 133 1299 τω
157 1259 224 1298 πρὸς
249 1259 310 1291 τοὺς
336 1260 483 1298 βαρβάρους
509 1260 582 1290 ἄλλοι
608 1265 673 1294 τινὲς
698 1267 748 1291 εἶεν
770 1261 893 1305 ἀμείνους

99 1304 255 1338 Αθηναίων,
279 1301 318 1331 ὅτι
336 1301 382 1331 οὐκ
401 1301 490 1339 ἆληθῆ
510 1309 513 1324 ¹
534 1302 722 1341 αμφιςβητοῖεν.
751 1307 824 1334 οὑτοι
840 1306 891 1344 γὰρ

99 1344 220 1394 ἐνταῦθα,
234 1345 342 1378 ἔδειξαν,
361 1357 545 1381 στασιασασης
561 1346 605 1382 τῆς
620 1346 739 1379 Ἑλλαδος
757 1347 889 1387 περιγενό-

97 1399 169 1426 μενοι
185 1386 220 1425 τῷ
236 1389 351 1424 πολέμῳ,
375 1387 437 1419 τοὺς
453 1388 621 1440 προεστῶτας
639 1389 689 1417 τῶν
708 1389 790 1418 ἄλλων
805 1389 889 1425 (Ελλή-

99 1442 148 1459 νων
162 1428 360 1467 χειρωσάμενοι,
386 1428 450 1466 μεθ’
467 1442 503 1459 ων
520 1430 579 1459 τότε
597 1431 657 1463 τοὺς
675 1432 823 1470 βαρβαρους
842 1435 890 1461 ἐνί-

98 1484 148 1502 κων
173 1471 257 1510 κοινῇ,
283 1471 392 1503 τούτους
417 1474 534 1506 νικῶντες
560 1473 618 1511 ἰδίᾳ.
662 1480 728 1502 xlv.
752 1477 844 1513 Τρίτος
866 1476 892 1503 δὲ

99 1514 209 1552 πόλεμος
227 1515 293 1567 μετὰ
315 1514 410 1550 ταύτην
431 1515 476 1552 τὴν
497 1516 597 1554 εἰρήνην
620 1514 771 1548 ἀνέλπιστός
797 1530 824 1546 τε
850 1530 893 1546 και

100 1557 179 1589 δεινὸς
195 1559 307 1596 ἐγένετο,
326 1561 351 1585 ἐν
368 1559 388 1595 ᾧ
405 1559 498 1587 πολλοὶ
515 1560 558 1587 καὶ
577 1558 681 1598 ἀγαθοι
699 1559 893 1597 τελευτησαντες

100 1598 194 1629 ἐνθαδε
220 1602 327 1633 κεῖνται,
354 1601 448 1629 πολλοι
472 1603 537 1650 μὲν,1
546 1600 613 1639 ἀμφὶ
637 1605 756 1631 Σικελίαν
782 1606 891 1632 πλεῖστα

99 1641 210 1687 τρόπαια
233 1641 374 1677 στήσαντες
393 1641 458 1681 νπὲρ
477 1647 490 1661 *
507 1643 551 1680 τῆς
568 1647 712 1673 Λεοντίνων
735 1648 891 1699 ἐλευθερίας,

99 1689 136 1716 οἱς
158 1683 319 1721 βοηθοῦντες
336 1684 378 1713 διὰ
396 1685 457 1717 τοὺς
475 1685 567 1723 ὅρκους
586 1688 713 1716 ἔπλευσαν
730 1688 766 1720 εἷς
784 1691 893 1720 ἐκείνους

99 1737 158 1758 τους
178 1725 286 1760 τόπους,
310 1726 351 1755 διὰ
375 1728 401 1756 δὲ
417 1728 498 1764 μῆκος
515 1728 562 1757 τοῦ
579 1729 647 1758 πλοῦ
665 1730 701 1761 εἷς
719 1729 831 1768 ἀπορίαν
849 1731 893 1766 τῆς

98 1768 195 1800 πόλεως
213 1781 383 1819 καταστασης
403 1771 447 1798 καὶ
469 1769 500 1799 οὐ
523 1772 660 1808 δυναμένης
682 1771 771 1804 αὐτοῖς
795 1772 890 1811 ὑπηρε-

98 1823 156 1844 τειν,
174 1823 256 1849 τουτῳ
275 1809 428 1844 ἀπειπόντες
446 1812 626 1849 ἐδυςτυχησαν·
645 1815 680 1842 ὠν
699 1816 725 1843 οῖ
740 1817 835 1853 ἐχθροι
850 1817 892 1843 καὶ

98 1853 354 1892 προςπολεμησαντες
374 1857 452 1883 πλείω
475 1856 581 1884 ἔπαινον
607 1857 695 1891 ἔχουσι
722 1857 892 1907 σωφροσύνης

98 1897 141 1924 καὶ
162 1894 251 1934 ἆρετῆς
271 1895 287 1932 ἢ
308 1896 359 1925 τῶν
381 1896 463 1926 ἄλλων
484 1898 510 1926 οἱ
531 1900 612 1934 φίλοι·
639 1900 732 1928 πολλοι
751 1898 775 1928 δ’
793 1904 819 1928 ἐν
836 1904 893 1931 ταῖς

98 1940 247 1976 ναυμαχίαις
260 1942 317 1971 ταῖς
330 1937 395 1967 καθ
410 1938 599 1975 ςΕλληςποντον,
617 1942 663 1978 μιᾷ
676 1944 723 1979 μὲν
740 1941 820 1979 ἡμέρᾳ
837 1942 889 1970 πά-

100 1991 148 2012 σας
167 1980 215 2012 τὰς
234 1980 285 2010 τῶν
304 1983 433 2019 πολεμίων
450 1982 550 2014 ἑλόντες
567 1983 640 2015 ναῦς,
664 1985 761 2016 πολλὰς
781 1991 784 2005 ¹
804 1986 831 2013 δὲ
849 1986 891 2013 καὶ

99 2021 177 2055 ἄλλας
196 2022 350 2059 νικήσαντες.
383 2023 398 2052 ὅ
421 2024 444 2052 δ’
471 2023 545 2053 εἶπον
567 2026 649 2054 δεινὸν
670 2027 714 2054 καὶ
739 2025 892 2056 ἀνέλπιστον

98 2065 144 2094 τοῦ
161 2067 276 2103 πολέμου
291 2068 428 2104 γενέσθαι,
446 2066 506 2095 τόδε
523 2070 587 2105 λέγω
605 2068 635 2096 τὸ
651 2069 688 2100 εἰς
702 2070 832 2098 τοσοῦτον
846 2082 889 2106 φι-

99 2109 220 2139 λονεικίας
237 2110 326 2136 ἐλθεῖν
342 2108 410 2146 πρὸς
426 2109 472 2144 τὴν
488 2108 565 2138 πόλιν
582 2110 643 2142 τοὺς
661 2109 754 2142 ἄλλους
764 2111 891 2147 Έλληνας,

99 2149 158 2181 ω’ςτε
178 2149 305 2187 τολμῆσαι
321 2151 356 2187 τῷ
375 2153 490 2188 ἐχθίστω
493 2152 765 2201 κέπικηρυκευσασθαι
784 2155 891 2191 βασιλεῖ,

99 2190 129 2220 ὃν
144 2191 216 2229 κοινῇ
234 2193 354 2229 ἐξέβαλον
369 2191 432 2230 μεθ
449 2192 526 2230 ημῶν,
550 2194 601 2230 ἰδίᾳ
619 2196 713 2224 τοῦτον
730 2195 807 2224 πάλιν
826 2196 889 2224 ἐπα-

97 2237 208 2272 γεσθαι,
231 2234 364 2282 βάρβαρον
386 2233 423 2272 ἐφ’
437 2234 567 2271 Έλληνας,
589 2249 633 2264 και
654 2240 832 2280 ξυναθροῖσαι
851 2240 892 2266 ἐπι

98 2275 143 2312 τήν
157 2275 233 2304 πόλιν
249 2288 350 2308 παντας
363 2276 482 2313 Ἐλληνας
498 2290 526 2306 τε
543 2280 587 2306 καὶ
605 2279 759 2329 βαρβαρους.
787 2282 818 2309 οῦ
837 2281 889 2316 δὴ·

97 2331 139 2346 και
158 2318 266 2355 ἐκφανὴς
284 2322 382 2357 ἐγένετο
400 2318 416 2355 ἦ
434 2320 478 2355 τῆς
494 2319 594 2352 πόλεως
611 2322 682 2360 ρωμη
700 2335 726 2351 τε
744 2324 787 2351 καὶ
806 2322 890 2372 ἀρετή.

99 2360 220 2398 οἰομένων
240 2361 291 2399 γὰρ
308 2360 355 2397 ηδη
374 2360 452 2397 αὐτὴν
455 2364 739 2410 καταπεπολεμῆσθαι
756 2367 800 2393 καῖ
816 2378 889 2394 απει-

97 2405 225 2440 λημμένων
239 2407 265 2431 ἐν
278 2403 413 2456 Μυτιλήνῃ
431 2404 481 2432 τῶν
498 2405 567 2437 νεῶν,
587 2406 769 2442 βοηθήσαντες
786 2407 889 2443 ἑξήκον-

98 2457 131 2473 τα
151 2447 252 2478 ναυσίν,
276 2443 351 2474 αὐτοὶ
374 2445 495 2483 ἐμβάντες
516 2447 552 2478 εἰς
573 2447 620 2479 τὰς
640 2448 713 2482 ναῦς,
740 2450 784 2478 καὶ
802 2449 892 2487 α’νδρες

97 2485 230 2525 γενόιωνοι
247 2485 459 2538 ὁμολογουμένως
478 2501 587 2525 αριστοι,
606 2490 754 2526 νικήσαντες
769 2494 816 2529 μέν
830 2492 891 2523 τοὺς

97 2530 245 2566 πολεμίους,
267 2529 407 2567 λυσαμενοι
425 2531 452 2559 δὲ
469 2542 530 2562 τους
551 2534 662 2568 φιλίους,
686 2531 793 2566 ἀναξίου
815 2546 891 2569 τυχης

97 2570 225 2607 τυχόντες,
249 2570 295 2600 οῦκ
318 2570 499 2625 ἀναιρεθέντες
521 2577 546 2601 ἐκ
565 2574 608 2608 τῆς
625 2574 771 2611 θαλάττης,
794 2580 890 2604 κεῖνται

99 2612 202 2642 ἐνθάδε.
229 2614 265 2642 ὦν
279 2613 328 2651 χρὴ
347 2626 385 2643 αει
403 2615 558 2652 μεμνῆσθαί
574 2628 600 2644 τε
618 2617 662 2644 καὶ
679 2621 801 2667 ἐπαινειν·
829 2625 832 2639 ¹
857 2619 889 2655 τῇ

96 2657 142 2692 μὲν
162 2655 213 2708 γὰρ
235 2657 334 2684 ἐκείνων
356 2654 434 2694 ἇρετῇ
453 2657 603 2694 ἐνικήσαμεν
621 2657 652 2687 οῦ
667 2658 751 2696 μόνον
767 2660 813 2696 τὴν
829 2660 889 2689 τότε

97 2699 250 2734 ναυμαχίαν,
274 2696 338 2726 ἀλλὰ
359 2700 402 2726 καῖ
424 2699 470 2727 τὸν
493 2698 570 2728 ἄλλον
586 2700 712 2738 πόλεμον
741 2701 821 2734 δόξαν
837 2703 888 2741 γὰρ

1695 173 1743 198 263

945 249 974 278 δι’
996 249 1091 282 αὐτοὺς
1111 249 1126 286 ἦ
1148 250 1222 282 πόλις
1241 252 1299 286 ἔσχε
1315 251 1350 288 μή
1368 250 1426 281 ποτ’
1444 251 1476 281 οἷν
1493 251 1741 289 καταπολεμηθῆναι

943 291 1003 330 μηδ’
1019 292 1071 321 ὑπὸ
1091 292 1196 321 πάντων
1215 291 1375 331 ἀνθρώπων
1395 296 1437 322 καὶ
1456 293 1544 330 ἇληθῆ
1563 296 1645 327 ἔδοξεν
1665 294 1696 332 τῇ
1715 294 1741 322 δὲ

944 335 1050 373 ἡμετέρᾳ
1079 334 1163 363 αυτῶν
1189 336 1303 373 διαφορᾷ
1331 336 1521 374 ἐκρατήθημεν,
1549 349 1597 372 ουχ
1617 336 1668 365 ὑπὸ
1691 336 1742 365 τῶν

945 377 1036 405 ἄλλων
1071 376 1192 413 αήττητοι
1217 377 1269 415 γὰρ
1297 380 1332 406 ἔτι
1358 380 1401 406 καὶ
1428 381 1472 407 νῦν
1497 378 1550 407 υπό
1581 391 1611 418 γε
1643 380 1742 408 ἐκείνων

945 422 1028 456 ἐσμέν,
1047 418 1118 456 ημεῖς
1136 421 1162 448 δὲ
1181 432 1255 448 αυτοι
1274 418 1340 457 ἡμᾶς
1359 419 1453 452 αὐτους
1470 434 1513 449 και
1531 421 1681 473 ἐνικήσαμεν
1698 422 1741 449 καὶ

944 461 1098 498 ἡττηθημεν.
1143 461 1222 490 Μετὰ
1244 462 1271 489 δὲ
1293 463 1375 490 ταῦτα
1397 462 1504 498 ἡσυχίας
1523 470 1527 484 ¹
1545 466 1682 502 γενομένης
1698 476 1741 492 και

944 503 1042 541 Εἰρήνης
1059 503 1126 540 πρὸς
1143 504 1204 535 τοὺς
1222 502 1321 536 ἄλλους,
1341 503 1355 532 ὁ
1376 505 1470 536 οἰκεῖος
1487 504 1546 542 ἡμῖν
1563 505 1676 543 πόλεμος
1694 505 1738 534 οῦ-

944 557 993 577 τως
1015 544 1178 582 ἐπολεμήθη,
1201 544 1274 595 ω’ςτε,
1303 549 1373 583 εἴπερ
1396 548 1549 584 εἱμαρμένον
1570 551 1607 583 εἴη
1631 547 1738 585 ἀνθρω-

943 599 1003 619 ποις
1021 599 1176 619 στασιασαι,
1198 600 1233 639 μη
1256 586 1288 615 ἆν
1307 587 1387 620 ἁλλως
1404 589 1537 620 ευξασθαι
1554 591 1649 626 μηδένα
1667 590 1742 618 πόλιν
1777 597 1779 599 ’

943 630 1037 658 ἑαυτοῦ
1064 630 1184 664 νοσῆσαι.
1212 630 1238 657 ε”κ
1265 641 1292 658 τε
1317 630 1369 668 γὰρ
1395 631 1442 659 τοῦ
1469 632 1599 669 ΙΙειοαιῶς
1626 645 1668 660 και
1695 632 1741 660 τοῦ

944 671 1039 702 ἄστεος
1061 682 1095 702 ως
1117 670 1234 708 ἀσμένως
1250 672 1293 699 καὶ
1311 672 1408 704 οικείως
1427 671 1543 706 αλλήλοις
1561 677 1697 711 συνέμιξαν
1716 675 1741 702 οἱ

942 716 1047 742 πολῖται
1069 714 1112 741 καὶ
1133 726 1187 751 παρ
1216 715 1304 742 ἐλπίδα
1326 718 1381 745 τοῖς
1404 713 1489 746 α’λλοις
1508 715 1619 751 Ελλησι,
1647 716 1692 744 τόν
1715 729 1741 744 τε

943 755 1009 793 πρὸς
1026 766 1087 786 τους
1101 754 1221 783 Ἐλευσῖνι
1238 755 1353 793 πόλεμον
1370 755 1404 788 ὥς
1419 759 1527 795 μετρίως
1543 762 1554 775 *
1571 760 1680 786 ἔθεντο]
1698 771 1740 786 και

943 797 1041 826 τούτων
1064 796 1186 825 ἇπαντων
1208 796 1283 826 οὐδὲν
1305 797 1367 827 α’λλο
1387 802 1470 828 αἴτιον
1487 799 1502 834 ἢ
1520 799 1534 835 ἦ
1553 800 1587 837 τῷ
1606 800 1659 828 ὄντι
1678 803 1738 838 ξυγ-

942 843 1038 878 γένεια,
1066 842 1152 876 φιλίαν
1175 840 1278 876 βέβαιον
1300 841 1343 868 καῖ
1366 840 1500 878 ὁμόφυλον
1524 840 1555 870 οὗ
1579 842 1658 880 λόγω,
1687 841 1738 870 αλλ’

944 884 1008 920 ἔργῳ
1031 885 1200 919 παρεχομένη.
1225 882 1274 919 χρὴ
1293 883 1320 911 δὲ
1337 884 1380 911 καὶ
1398 884 1449 911 τῶν
1467 887 1492 911 ἐν
1510 883 1592 921 τούτῳ
1610 885 1644 921 τῷ
1662 887 1739 913 πολέ-

942 937 982 961 μῳ
1004 924 1208 959 τελευτησάντων
1228 923 1271 952 ὑπ’
1289 923 1402 960 ἀλληλων
1417 929 1508 962 μνεῖαν
1527 928 1591 961 ἔχειν
1608 928 1651 954 καὶ
1670 928 1739 954 διαλ-

944 967 1043 995 λάττειν
1065 965 1159 998 αὐτοὺς
1181 963 1200 1004 ᾧ
1223 966 1372 1004 δυνάμεθα,
1395 966 1482 1003 εὐχαῖς
1503 969 1546 996 καὶ
1568 970 1687 1001 θυσίαις,
1716 973 1741 997 ἐν

944 1013 999 1040 τοῖς
1015 1010 1137 1041 τοιοῖςδε,
1156 1012 1211 1040 τοῖς
1228 1009 1369 1046 κρατοῦσιν
1387 1009 1471 1038 αὐτῶν
1488 1009 1651 1048 εὐχομένους,
1671 1015 1738 1040 ἐπει-

944 1051 973 1086 δὴ
1000 1063 1042 1078 και
1068 1049 1139 1088 ἡμεῖς
1166 1050 1352 1090 διηλλαγμεθα
1389 1050 1420 1080 οὗ
1449 1065 1500 1090 γαρ
1527 1055 1601 1089 κακίᾳ
1629 1052 1741 1089 ἀλλήλων

942 1093 1044 1143 η’ψαντο
1073 1099 1077 1113 ¹
1106 1091 1161 1121 ουδ
1188 1094 1282 1131 ἔχθρᾳ,
1311 1092 1374 1121 αλλὰ
1402 1096 1525 1131 δυςτυχίᾳ.
1560 1107 1687 1148 μαρτυρες
1713 1097 1739 1124 δὲ

942 1134 1013 1173 ἡμεῖς
1032 1133 1108 1163 αὐτοί
1124 1138 1200 1186 ἐσμεν
1216 1136 1315 1164 τουτων
1333 1137 1359 1165 οἱ
1377 1136 1475 1169 ζῶντες
1496 1138 1521 1165 οἳ
1540 1137 1613 1166 αὐτοὶ
1627 1150 1684 1188 γαρ
1695 1137 1739 1166 ὅν-

943 1189 984 1209 τες
1010 1179 1113 1209 ἐκείνοις
1136 1180 1210 1229 γένει
1233 1190 1385 1217 συγγνωμην
1412 1177 1528 1215 αλλήλοις
1551 1181 1641 1217 ἔχομεν
1663 1181 1698 1208 ὠν
1720 1193 1733 1208 τ

944 1219 1102 1257 ἐποιήσαμεν
1128 1222 1164 1248 ὡν
1189 1218 1210 1248 τ’
1236 1220 1381 1258 ἐπάθομεν.
1425 1227 1479 1249 XV.
1508 1222 1586 1250 Μετὰ
1614 1223 1641 1250 δὲ
1662 1222 1740 1251 τοῦτο

943 1263 1085 1293 παντελοῦς
1103 1262 1201 1300 ειρήνης
1218 1262 1278 1300 ημῖν
1294 1265 1437 1301 γενομένης,
1455 1262 1564 1299 ἡσυχίαν
1580 1276 1642 1303 ηγεν
1659 1264 1673 1300 ἦ
1688 1264 1739 1293 πό-

943 1307 991 1337 λις,
1010 1308 1065 1336 τοῖς
1080 1307 1127 1342 μὲν
1146 1304 1287 1343 βαρβαροις
1297 1305 1550 1357 στηνγιγνώρκουσα,
1574 1306 1613 1335 ότι
1630 1305 1739 1335 παθόν-

944 1358 985 1378 τες
1008 1345 1051 1375 ὑπ’
1083 1346 1161 1383 αὐτῆς
1187 1348 1270 1379 κακῶς
1296 1348 1389 1379 ῖκανῶς
1415 1347 1461 1377 οὐκ
1489 1349 1577 1380 ἐνδεῶς
1602 1347 1739 1386 ἠμύναντο,

943 1400 999 1420 τοις
1016 1390 1042 1418 δὲ
1056 1388 1171 1425 Ἐλλησιν
1189 1388 1387 1428 ἆγανακτοῦσα,
1409 1394 1564 1428 μεμνημένη,
1586 1390 1620 1423 ὧς
1641 1403 1670 1420 ευ
1686 1404 1738 1419 πα-

946 1430 1041 1463 θόντες
1061 1430 1103 1460 ὑπ’
1122 1431 1200 1468 αὐτῆς
1217 1445 1276 1461 οιαν
1295 1439 1299 1454 ¹
1315 1445 1393 1471 χαριν
1412 1432 1556 1466 ἀπέδοσαν,
1579 1433 1738 1486 κοινωσόμε-

945 1486 983 1502 νοι
1002 1478 1057 1506 τοῖς
1074 1473 1227 1512 βαρβάροις,
1252 1486 1299 1507 τας
1320 1487 1347 1504 τε
1364 1475 1426 1507 ναῦς
1443 1475 1617 1526 περιελόμενοι
1637 1489 1663 1504 αι
1680 1474 1738 1505 ποτ’

945 1518 1054 1549 ἐκείνους
1076 1518 1190 1550 ἔσωσαν,
1213 1519 1256 1546 καὶ
1277 1520 1346 1554 τείχη
1363 1518 1521 1550 καθελόντες
1540 1517 1601 1547 ἀνθ’
1619 1515 1654 1547 ὧν
1670 1518 1741 1556 ἡμεῖς

947 1559 1065 1588 τάκείνων
1087 1560 1248 1598 ἐκωλύσαμεν
1269 1573 1365 1589 πεσειν.
1393 1561 1560 1598 διανοουμένη
1583 1562 1609 1589 δε
1630 1560 1645 1596 ἦ
1666 1560 1741 1592 πόλις

942 1603 978 1654 μη
1000 1615 1032 1631 αν
1054 1604 1089 1631 ἐτι
1108 1601 1201 1640 αμῦναι
1218 1601 1285 1641 μήθ
1298 1603 1398 1638 Ελλησι
1415 1603 1491 1651 nng„
1501 1602 1613 1639 ἀλλήλων
1631 1605 1738 1632 δουλου-

942 1647 1029 1682 μένοις
1044 1644 1107 1682 μήτε
1125 1644 1177 1674 υπὸ
1193 1645 1349 1696 βαρβαρων,
1374 1657 1454 1677 ουτως
1472 1645 1536 1674 ω’κει.
1563 1645 1633 1683 ἡμων
1651 1658 1697 1674 ουν
1715 1649 1740 1674 ἐν

944 1700 1051 1724 τοιαυτῃ
1070 1689 1169 1724 διανοίᾳ
1189 1687 1269 1717 ὄντων
1286 1687 1444 1726 ἡγησαμενοι
1462 1687 1662 1725 Λακεδαιμόνιοι
1682 1688 1741 1720 τοὺς

942 1732 990 1767 μὲν
1007 1730 1051 1765 τῆς
1069 1733 1218 1767 ἐλευθερίας
1236 1729 1387 1768 ἐπικούρους
1404 1733 1563 1759 πεπτωκέναι
1581 1729 1655 1767 ἡμᾶς,
1675 1733 1739 1767 σφέ-

944 1784 1019 1810 τερον
1041 1773 1067 1800 δὲ
1089 1772 1135 1809 ἤδη
1158 1775 1234 1812 ἔργον
1255 1771 1320 1801 εἶναι
1346 1773 1580 1801 καταδουλοῦσθαι
1606 1773 1667 1804 τοὺς
1693 1772 1738 1800 ἐέλ-

943 1817 1014 1847 λους,
1042 1814 1111 1844 ταῦτ’
1137 1822 1140 1836 ¹
1165 1817 1300 1853 ἔπραττον.
1344 1821 1410 1843 XVI.
1432 1817 1486 1843 Καὶ
1506 1814 1624 1852 μηκύνειν
1644 1817 1691 1852 μὲν
1717 1817 1742 1843 τί

944 1858 994 1890 δεῖς
1022 1855 1052 1885 οὗ
1073 1857 1125 1896 γὰρ
1147 1857 1228 1886 παλαι
1251 1856 1311 1886 οὐδὲ
1332 1857 1384 1895 πρὸ
1407 1858 1509 1886 πολλῶν
1531 1858 1594 1885 έτῶν
1610 1856 1739 1896 γεγονότα

944 1897 1037 1938 λέγοιμ’
1056 1898 1087 1928 ἆν
1105 1900 1136 1928 τὰ
1154 1900 1219 1937 μετὰ
1237 1901 1331 1928 ταῦτα·
1351 1898 1425 1928 αὐτοὶ
1443 1900 1494 1938 γὰρ
1513 1903 1594 1937 ἴσμεν,
1613 1900 1647 1931 ὡς
1665 1904 1737 1928 ἐκπε-

943 1944 1082 1980 πληγμένοι
1101 1941 1224 1979 ἀφίκοντο
1243 1943 1279 1974 εἷς
1293 1944 1383 1980 χρείαν
1400 1943 1444 1978 τῆς
1460 1941 1560 1973 πόλεως
1576 1943 1627 1971 τῶν
1645 1954 1671 1970 τε
1684 1940 1738 1970 (Ελ-

942 1984 1023 2019 λήνων
1041 1986 1067 2013 οἶ
1083 1986 1190 2023 πρῶτοι,
1210 1988 1319 2023 Ἀργεῖοι
1337 1986 1380 2013 καὶ
1397 1986 1512 2013 Βοιωτοὶ
1529 1985 1572 2012 καὶ
1587 1986 1738 2022 Κορίνθιοι,

1767 764 1802 782 ‘244

943 2027 986 2054 καὶ
1003 2025 1035 2054 τό
1051 2039 1081 2066 γε
1100 2027 1243 2056 θειότατον
1260 2026 1372 2059 πάντων,
1391 2027 1420 2055 τὸ
1440 2028 1482 2055 καὶ
1501 2028 1607 2063 βασιλέα
1626 2027 1662 2058 εἷς
1677 2027 1738 2055 τοῦ-
1777 2038 1779 2044 ⁴

944 2081 973 2096 το
997 2066 1108 2107 ἀπορίας
1130 2068 1287 2106 ἀφικέσθαι,
1310 2067 1371 2101 ὦςτε
1392 2070 1543 2107 περιστῆναι
1566 2067 1634 2106 αὐτῷ
1655 2070 1735 2106 μηδα-

941 2109 1030 2148 μόθεν
1048 2111 1163 2140 ἄλλοθεν
1180 2112 1226 2147 τὴν
1243 2113 1371 2149 σωτηρίαν
1387 2115 1516 2150 γενέσθαι
1530 2110 1586 2151 αλλ’
1603 2111 1618 2147 ἢ
1634 2115 1660 2139 ἐκ
1675 2110 1737 2140 ταῦ-

942 2164 986 2188 της
1003 2153 1047 2188 τῆς
1063 2153 1174 2186 πόλεως,
1198 2153 1228 2189 ἣν
1247 2160 1250 2175 ¹
1269 2153 1394 2192 πρόσθεν
1412 2153 1522 2182 ἀπώλλυ.
1549 2155 1592 2182 καὶ
1610 2154 1640 2190 δὴ
1658 2154 1700 2182 καὶ
1718 2156 1745 2182 εἷ’

942 2206 980 2226 τις
1007 2195 1126 2232 βούλοιτο
1149 2195 1193 2232 τῆς
1213 2196 1313 2227 πόλεως
1334 2196 1511 2235 κατηγορῆσαι
1530 2197 1642 2229 δικαίως,
1670 2194 1737 2224 τοῦτ’

943 2236 975 2265 ἄν
994 2237 1078 2275 μόνον
1098 2241 1177 2277 λέγων
1199 2237 1290 2276 ὀρθῶς
1314 2237 1346 2266 (ἲν
1366 2241 1534 2277 κατηγοροίη,
1562 2238 1595 2270 ὡς
1622 2236 1662 2266 ἀεὶ
1684 2240 1740 2266 λίαν

942 2283 1123 2318 φιλοικτίρμων
1142 2282 1196 2309 ἐστὶ
1211 2282 1253 2309 καὶ
1268 2280 1315 2309 τοῦ
1329 2280 1437 2316 ἥττονος
1452 2283 1573 2319 θεραπίς.
1592 2282 1635 2309 καὶ
1651 2281 1680 2315 δη
1696 2281 1738 2308 καὶ

944 2326 969 2350 ἐν
986 2324 1021 2360 τῷ
1039 2322 1097 2352 τότε
1114 2322 1199 2360 χρόνῳ
1218 2322 1266 2358 οὐχ
1284 2325 1327 2351 οἵα
1345 2335 1372 2351 τε
1391 2326 1488 2362 ἐγένετο
1507 2323 1671 2361 καρτερῆσαι,
1691 2321 1735 2351 οὖ-

942 2365 969 2392 δὲ
987 2365 1143 2401 διαφυλάξαι
1161 2364 1178 2392 ὁὶ
1197 2366 1313 2394 ἐδέδοκτο
1333 2364 1405 2403 αὐτῇ,
1425 2365 1454 2394 τὸ
1472 2367 1559 2403 μηδενὶ
1578 2366 1737 2402 δουλουμένῳ

942 2407 1053 2443 βοηθεῖν
1070 2407 1121 2436 τῶν
1136 2408 1206 2444 σφᾶς
1221 2419 1315 2439 αυτους
1330 2406 1513 2443 ἆδικησαντων,
1533 2407 1596 2435 αλλὰ
1613 2406 1737 2444 ἑκαμφθη

941 2453 954 2467 *
971 2462 1015 2477 και
1033 2449 1173 2486 ἐβοήθησε,
1192 2451 1235 2477 καὶ
1252 2450 1313 2482 τοὺς
1325 2453 1372 2487 μὲν
1382 2450 1469 2485 Ελλητ
1471 2461 1501 2481 ας
1516 2449 1579 2485 αὕτη
1596 2448 1738 2490 βοηθησα-

942 2503 977 2519 σα
996 2490 1145 2520 απελυσατο
1163 2493 1284 2525 δουλείας,
1301 2491 1354 2524 ὧςτ
1372 2495 1526 2530 ἐλευθέρους
1540 2504 1604 2521 ειναι
1618 2494 1690 2529 μέχρι
1707 2491 1737 2520 οὗ

941 2533 1019 2561 παλιν
1037 2532 1111 2562 αὐτοι
1133 2533 1227 2566 αὐτοὺς
1248 2534 1488 2567 κατεδουλώσαντο,
1512 2535 1612 2571 βασιλεῖ
1629 2535 1655 2561 δὲ
1675 2531 1738 2568 αῦτη

938 2578 986 2613 μὲν
1004 2574 1049 2604 οῦκ
1069 2576 1191 2613 ἐτόλμησε
1215 2577 1361 2613 βοηθῆσαι,
1386 2577 1555 2614 αἰσχυνομένη
1573 2576 1605 2604 τὰ
1623 2575 1736 2613 τρόπαια

940 2617 973 2646 τά
991 2630 1018 2646 τε
1036 2619 1192 2656 Μαραθῶνι
1209 2620 1252 2647 καὶ
1269 2622 1397 2656 Σαλαμῖνι
1415 2621 1458 2647 καὶ
1475 2622 1630 2650 Πλαταιαῖς,
1649 2616 1734 2656 zpuyti-

940 2661 986 2691 δας
1004 2661 1031 2688 δὲ
1048 2662 1091 2688 καὶ
1109 2661 1250 2692 ἐθελοντὰς
1267 2660 1370 2690 ἐάσασα
1387 2661 1469 2699 μόνον
1487 2661 1623 2698 βοηθῆσαι
1639 2660 1735 2697 ὁμολο-

1764 2455 1800 2473 245

939 2705 1068 2740 γουμένως
1086 2705 1174 2731 ἔσωσε.
1203 2707 1362 2741 τειχισαμένη
1382 2705 1407 2732 δὲ
1426 2705 1468 2731 καὶ
1486 2705 1710 2740 ναυπηγησαμένη,
1731 2708 1734 2723 ¹
1762 2709 1779 2727 Β
