1998 3084
160 878 196 895 635

166 2575 203 2593 638

228 159 276 184 388

224 248 278 268 κας,
296 249 339 263 και
356 237 513 263 πειστέον·
540 239 597 262 ΑΘ
618 232 654 262 Οὗ
670 233 722 272 γὰρ
740 232 783 266 α’ν,
802 228 823 261 ὦ
840 236 954 267 Κλεινία,
972 247 1016 283 τη-

224 279 330 309 λικοῖςδε
358 275 467 313 ἆνδρασι
492 278 587 313 πρέποι
608 275 638 304 τὸ
661 275 787 304 τοιοῦτον
831 279 884 303 ΚΛ.
910 274 946 304 Οὐ
958 276 1018 325 γὰρ

224 320 276 347 οὖν
320 323 376 346 ΑΘ.
400 318 431 345 Εἰ
451 320 497 354 μέν
519 320 604 346 τοίνυν
622 316 713 355 ορθῶς
729 316 744 352 ἢ
761 316 795 354 μή
813 328 851 348 τις
869 318 969 355 έπιτιμᾷ
986 318 1018 355 τῇ

223 374 249 389 τε
267 361 403 397 Λακωνικῇ
420 372 461 388 και
481 359 511 396 τῇ
529 360 644 397 Κρητικῇ
661 361 804 409 πολιτείᾳ,
811 358 889 397 λόγος
910 371 942 387 αν
964 360 1017 388 ἕτε-

223 414 269 440 ρος
290 406 338 438 εἴη·
365 402 397 430 τὰ
421 400 444 429 δ’
467 403 513 430 οὖν
534 401 659 440 λεγόμενα
680 401 748 439 πρὸς
769 401 820 429 τῶν
836 401 964 430 πολλῶν’
957 413 1018 433 ισως

223 445 272 483 ἐγώ
292 445 391 482 μᾶλλον
413 443 490 481 ἔχοιμ’
516 443 548 472 ἄν
572 442 643 482 υμῶν
670 442 822 481 ἀμφοτέρων
847 446 939 493 λέγειν
959 443 1019 481 ὑμῖν

221 490 268 523 μὲν
284 486 343 531 γάρ,
362 489 432 524 εἴπερ
450 499 493 514 και
508 488 616 524 μετρίως
633 498 837 514 κατεσκευασται
853 486 887 514 τὰ
904 486 955 514 τῶν
971 485 1016 514 νό-

221 541 287 566 μων,
310 533 345 560 εἰς
361 529 412 557 τῶν
429 531 570 557 καλλίστων
588 541 620 556 αν
637 541 675 564 ειη
692 528 789 566 νόμων,
810 528 845 566 μὴ
867 530 948 564 ζητεῖν
968 528 1019 556 τῶν

222 574 284 599 νέων
296 572 392 608 μηδένα
408 577 412 591 ¹
430 571 481 603 ε’ἇν,
499 575 564 599 ποῖα
579 571 662 603 καλῶς
676 569 760 599 αὐτῶν
776 570 792 606 ἢ
807 571 843 608 μὴ
861 571 943 602 καλῶς
961 572 1018 606 ἔχει,

222 614 267 651 μιᾷ
289 615 316 641 δὲ
337 614 410 650 φωνῇ
429 614 471 640 καὶ
490 616 516 645 ἐξ
534 613 590 644 ἑνὸς
608 613 740 651 στόματος
757 612 856 644 πάντας
874 616 1019 663 συμφωνεῖν

222 654 256 687 ὦς
273 655 359 684 πάντα
377 656 460 687 καλῶς
476 659 558 684 κεῖται
575 658 677 684 θέντων
694 655 774 689 θεῶν,
793 668 837 683 και
855 654 899 684 ἐάν
916 667 954 687 τις
971 654 1017 683 ἄλ·

222 700 271 729 λως
292 700 363 736 λέγῃ,
385 697 419 735 μὴ
439 696 583 733 ἀνέχεσθαι
600 698 629 726 τὸ
649 697 777 736 παράπαν
795 696 948 729 ἀκούοντας
974 700 1017 736 γε’·

222 752 274 778 ρων
292 741 318 769 δὲ
336 743 362 768 εἰ
375 742 412 771 τίς
429 752 453 768 τι
471 743 571 772 ξυννοεῖ
586 741 637 768 τῶν
655 753 709 778 παρ
731 740 802 778 ὑμῖν,
821 740 887 778 πρὸς
906 738 1019 778 ἄρχοντα

222 795 248 811 τε
266 783 310 810 καὶ
327 782 393 820 πρὸς
410 781 541 818 ἡλικιωτην
554 782 662 820 μηδενὸς
677 785 791 811 ἐναντίον
806 785 865 811 νέου
879 786 1020 811 ποιεῖσθαι

222 825 283 857 τοὺς
304 824 439 856 τοιούτους
459 824 560 863 λόγους.
604 830 658 853 ΚΛ,
676 824 828 863 Ὀρθότατά
849 837 891 863 γε,
914 820 934 853 ὦ
958 827 1019 857 ξένε,

223 869 312 906 λέγεις,
335 869 378 895 καὶ
395 866 521 905 καθάπερ
537 866 628 905 μάντις
645 871 658 885 *
678 866 751 895 ἀπών
768 867 813 903 τῆς
829 866 888 896 τότε
907 868 1022 898 διανοίας

222 911 270 938 του
295 912 415 942 τιθέντος
441 908 507 938 αὐτὰ
533 910 578 938 νῦν
604 910 717 941 ἐπιεικῶς
736 922 782 947 μοι
804 910 888 941 δοκεῖς
909 908 1019 945 ἐστοχα-

223 955 293 980 σθαι
310 953 353 980 καὶ
372 951 476 990 σφόδρα
496 950 584 987 ἆληθῆ
602 954 689 991 λέγειν.
720 957 777 981 ΑΘ.
798 951 898 980 Οὖκοῦν
915 951 974 989 ἡμῖν
989 951 1021 979 τὰ

222 994 267 1023 νῦν
289 996 378 1032 ἐρημία
398 997 446 1032 μὲν
467 997 539 1027 νέων,
564 993 639 1023 αὐτοὶ
660 993 684 1022 δ’
706 995 777 1022 ἕνεκα
794 994 879 1033 γήρως
897 992 1018 1031 ἀφείμεθ’

221 1036 274 1065 ὑπὸ
296 1037 344 1066 τοῦ
365 1039 517 1074 νομοθέτου
538 1036 715 1076 διαλεγόμενοι
736 1049 796 1075 περι
818 1035 902 1065 αὐτῶν
923 1036 1022 1065 τουτων

221 1079 299 1117 μόνοι
320 1079 387 1129 πρὸς
406 1078 503 1117 μόνους
522 1080 601 1117 μηδὲν
624 1079 655 1108 ἦν
672 1082 838 1117 πλημμελεῖνς
881 1084 936 1108 ΚΑ.
951 1078 1022 1107 ’Ἐστι

223 1121 305 1150 ταῦτα
328 1121 420 1154 οὕτως,
443 1122 480 1153 εἷς
502 1121 518 1150 ἅ
540 1123 584 1149 καὶ
603 1123 681 1160 μηδέν
701 1134 731 1160 γε
749 1120 813 1175 ρίνῇς
831 1121 952 1159 ἐπιτιμῶν
967 1125 1023 1152 τοῖς

223 1163 312 1202 νόμοις
333 1163 414 1201 ἡμῶν·
444 1163 475 1192 οὐ
495 1163 547 1203 γὰρ
566 1163 597 1214 τξὶ
613 1176 643 1203 γε
660 1164 759 1203 γνῶναί
774 1177 799 1192 τι
816 1165 867 1192 των
883 1164 919 1201 μὴ
937 1164 1022 1192 καλῶν

224 1205 324 1245 α’τιμον,
343 1205 433 1235 ἀλλὰ’
426 1210 497 1235 ιἀσιν
515 1209 541 1239 εξ
560 1205 640 1235 αὐτοῦ
659 1208 792 1244 συμβαίνει
808 1209 950 1245 γίγνεσθαι
964 1207 1000 1243 τῷ
1017 1211 1020 1226 ¹

222 1250 257 1288 μὴ
278 1249 375 1286 φθόνῳ
398 1249 430 1278 τὰ
452 1249 578 1288 λεγόμενα
601 1248 653 1277 ἀλλ’
674 1248 761 1285 εὐνοίᾳ
779 1250 912 1286 δεχομένῳ.
957 1255 1021 1275 vm.

223 1297 280 1320 ΑΘ.
298 1292 399 1324 Καλῶς.
428 1303 459 1320 ου
474 1292 525 1329 μὴν
543 1292 663 1329 ἐπιτιμῶν
677 1304 707 1330 γε
723 1292 771 1329 ἐρῶ
786 1295 841 1323 τοῖς
855 1291 945 1329 νόμοις
958 1302 1021 1322 πως,

224 1335 285 1372 πρὶν
311 1335 418 1371 βεβαίως
444 1345 480 1366 εις
507 1333 612 1372 δύναμιν
636 1335 848 1372 διασκέψασθαι,
874 1334 973 1371 μᾶλλον
995 1334 1021 1360 δέ

225 1375 338 1414 ἀπορῶι
365 1376 425 1414 ὑμῖν
445 1376 496 1426 γὰρ
520 1375 534 1405 ὄ
556 1379 705 1414 νομοθέτης
726 1376 815 1413 νόμοις
834 1375 956 1412 Ελλήνων
979 1388 1023 1403 και

225 1418 370 1457 βαρβάρων,
389 1431 425 1447 ων
440 1418 512 1457 ἡμεῖς
525 1419 734 1456 πυνθανόμεθα,
753 1419 804 1447 τῶν
816 1421 944 1457 μεγίστοιν
959 1418 1020 1453 ἡδο-

223 1462 274 1490 νῶν
295 1463 339 1489 καὶ
359 1462 469 1490 παιδιῶν
495 1464 616 1494 ἐπέταξεν
642 1460 794 1497 ἀπέχεσθαι
819 1463 862 1489 καὶ
886 1461 922 1499 μὴ
947 1459 1020 1499 γεύε-

225 1508 306 1537 σθαι,
329 1504 359 1532 τὸ
379 1505 405 1532 δὲ
423 1504 474 1532 τῶν
491 1505 578 1532 λυπῶν
594 1505 638 1532 καὶ
655 1504 756 1541 φόβων,
780 1503 844 1541 ὅπερ
863 1502 921 1542 ἄρτι
939 1505 1020 1538 διελη-

225 1546 356 1584 λυθαμεν,
383 1546 500 1598 ἦγήσατρ
523 1550 551 1575 εἴ
566 1558 604 1578 τις
626 1550 652 1574 ἐκ
673 1547 773 1574 παίδων
797 1553 800 1567 ¹
823 1549 953 1599 φευξεῖται
980 1545 1022 1573 διὰ

224 1591 326 1622 τέλους,
350 1588 451 1618 ὁπόταν
473 1589 509 1621 εἷς
531 1588 688 1628 ἀναγκαίους
709 1590 777 1626 ἔλθῃ
794 1588 892 1620 πόνους
909 1590 952 1617 καὶ
969 1587 1020 1625 φό-

226 1633 287 1684 βους
304 1644 347 1660 και
365 1631 454 1664 λυπας,
473 1634 632 1669 φευξεῖσθαι
650 1631 711 1663 τοὺς
729 1636 754 1659 ἐν
772 1634 875 1663 ἐκείνοις
891 1643 1020 1670 γεγυμνα-

226 1677 334 1712 σμένους
355 1687 399 1702 και
421 1674 566 1703 δουλευσειν
589 1673 684 1706 αυτοῖς
711 1672 807 1702 ταυτὸν
829 1674 858 1710 δὴ
880 1672 959 1707 τοῦτ’,
983 1678 1020 1702 οῖ-

223 1729 282 1755 μαι,
305 1730 349 1745 και
365 1717 433 1755 πρὸς
449 1717 496 1749 τὰς
512 1716 608 1753 ἡδονὰς
626 1718 674 1745 ἔδει
693 1718 862 1745 διανοεῖσθαι
879 1716 925 1745 τὸν
943 1714 1024 1744 αὐτὸν

225 1762 385 1797 νομοθέτην,
413 1762 521 1798 λέγοντα
549 1758 629 1787 αὐτὸν
653 1759 720 1797 πρὸς
746 1759 839 1788 ἑαυτὸν
861 1758 894 1791 ὦς
916 1758 974 1797 ἡμῖν
997 1762 1023 1787 ἐκ

225 1804 287 1831 νέων
309 1802 331 1830 εἶ
353 1801 456 1855 ἄπειροι
478 1802 530 1830 τῶν
549 1804 678 1840 μεγίστων
694 1801 793 1837 ἡδονῶν
812 1803 838 1830 οἱ
855 1805 960 1830 πολῖται
977 1813 1021 1839 γε-

225 1844 360 1880 νήσονται,
382 1857 426 1872 και
449 1843 596 1882 ἀμελέτητοι
617 1844 763 1883 γιγνόμενοι
786 1848 812 1872 ἐν
836 1848 893 1876 ταῖς
919 1843 1024 1879 ἡδοναις

225 1890 356 1939 καρτερεῖν
377 1888 421 1915 καὶ
441 1889 520 1925 μηδὲν
541 1887 591 1915 τῶν
614 1887 728 1925 αἰσχρῶν
747 1886 945 1925 ἀναγκάζεσθαι
961 1898 1021 1915 ποι-

226 1933 275 1962 εῖν,
294 1931 365 1958 ἕνεκα
383 1931 426 1965 τῆς
442 1931 621 1981 γλυκυθυμίας
639 1931 682 1965 τῆς
699 1929 766 1967 πρὸς
783 1929 829 1961 τὰς
846 1929 941 1966 ἡδονὰς
959 1928 1022 1958 ταῦ-

225 1972 271 2001 τὸν
292 1974 428 2000 πείσονται
449 1976 503 2004 τοῖς
520 1971 672 2025 ἡττωμένοις
689 1972 740 2000 τῶν
756 1971 857 2009 φόβων·
887 1979 890 1992 ¹
918 1972 1022 2000 δουλεύ-

227 2027 304 2044 σουσι
325 2014 424 2052 τρόπον
447 2015 533 2052 ἕτερον
554 2016 598 2042 καὶ
620 2013 651 2042 ἔτ
673 2015 765 2050 αἰσχίω
787 2018 842 2047 τοῖς
862 2026 892 2054 γε
915 2015 1022 2052 δυναμέ-

226 2068 280 2089 νοις
297 2061 428 2095 καρτερεῖν
446 2061 472 2085 ἐν
488 2061 546 2088 ταῖς
562 2056 668 2092 ἡδοναῖς
685 2058 729 2085 καὶ
745 2060 801 2088 τοῖς
818 2060 977 2095 κεκτημένοις
991 2057 1023 2085 τὰ

226 2100 285 2137 περὶ
302 2099 349 2131 τὰς
365 2098 467 2135 ἡδονάς,
487 2098 642 2138 ἀνθρώποις
659 2102 738 2128 ἐνίοτε
755 2100 911 2129 παντάπασι
926 2103 1023 2132 κακοῖς,

226 2143 270 2170 καὶ
287 2142 332 2177 τὴν
348 2141 434 2179 ψυχὴν
451 2142 483 2179 τῇ
499 2145 547 2180 μὲν
565 2141 657 2178 δούλην
674 2142 706 2179 τῇ
724 2144 751 2170 δὲ
769 2145 910 2181 ἐλευθέραν
928 2143 1022 2175 ἕξουσι,

226 2185 270 2212 καὶ
292 2182 338 2213 οὐκ
360 2184 428 2216 ἄξιοι
451 2184 537 2216 ἁπλῶς
559 2183 671 2222 ἀνδρεῖοι
693 2186 736 2212 καὶ
759 2188 902 2223 ἐλευθέριοι
920 2186 1025 2213 ἔσονται

226 2226 481 2278 προςαγορεύεσθαι.
510 2231 631 2255 σκοπεῖτε
654 2222 710 2259 οὖν,
733 2230 760 2255 εἶ’
776 2240 801 2255 τι
818 2229 869 2256 τῶν
885 2228 931 2256 νῦν
947 2230 1022 2266 λεγο-

224 2272 307 2307 μένων
327 2268 387 2306 υμῖν
407 2269 473 2297 κατὰ
491 2269 591 2307 τρόπον
609 2270 679 2298 δοκεῖ
695 2272 829 2308 λέγεσθαι.
873 2275 926 2298 ΚΛ
946 2273 1026 2298 Δοκεῖ

225 2314 273 2349 μὲν
293 2310 352 2348 ἡμῖν
375 2317 378 2332 ¹
402 2314 433 2350 γέ
448 2323 504 2343 πως
521 2314 659 2350 λεγομένου
676 2313 723 2340 τοῦ
741 2311 834 2351 λόγου,
856 2313 916 2364 περὶ
934 2313 961 2340 δὲ
978 2325 1022 2347 τη-

227 2353 349 2382 λικουτων
371 2352 453 2385 εὐθυς
474 2357 669 2382 πεπιστευκέναι
691 2356 783 2393 ῥᾳδίως
807 2355 843 2392 μὴ
868 2358 930 2383 νέων
955 2366 983 2383 τε
1009 2355 1025 2391 ᾗ

226 2396 326 2434 μᾶλλον
342 2408 385 2424 και
404 2394 526 2432 ἀνοήτων.
562 2402 618 2425 ΑΘ
636 2396 698 2425 Λλλ
716 2397 738 2425 εἶ
756 2396 786 2426 τὸ
804 2397 870 2435 μετὰ
888 2397 971 2426 ταῦτα
987 2398 1024 2424 δι-

228 2441 337 2476 εξίοιμεν
354 2440 390 2467 ὢν
410 2438 604 2476 προυθέμεθα,
627 2452 647 2467 ω
665 2441 771 2468 Κλεινία
788 2452 816 2468 τε
833 2453 877 2468 και
894 2440 1024 2468 Λακεδαι-

227 2480 300 2518 μόνιε
321 2483 375 2513 ξένε
393 2498 433 2502 —
454 2493 500 2518 μετ
526 2480 645 2519 ἀνδρείαν
661 2482 713 2531 γὰρ
732 2482 761 2517 δὴ
781 2482 952 2520 σωφροσύνης
969 2484 1027 2520 πέρι

228 2526 338 2562 λέγωμεν
356 2540 408 2574 -ἰ
433 2536 455 2552 τι
475 2525 597 2561 διαφέρον
616 2528 642 2551 ἐν
658 2536 764 2556 ταυταις
782 2529 839 2556 ταῖς
855 2523 1027 2556 πολιτείαις”
1011 2537 1027 2559 η

228 2570 286 2598 ταῖς
306 2566 357 2594 τῶν
382 2566 437 2603 εἰκῇ
462 2568 665 2603 πολιτευομένων
692 2566 878 2605 ἀνευρησομεν,
905 2572 918 2585 *
945 2566 1027 2604 ὥςπερ

229 2608 262 2637 τὰ
283 2620 342 2645 περι
364 2608 410 2636 τὸν
431 2608 546 2646 πόλεμον
568 2609 611 2636 νῦν
634 2608 677 2644 δή,·
721 2616 776 2637 ME
799 2610 899 2645 Σχεδὸν
921 2607 952 2639 οὗ
979 2609 1025 2648 ῥᾳ-

230 2652 295 2679 διον·
324 2649 375 2678 ἆλλ
398 2652 463 2679 ἔοικε
483 2651 535 2690 γὰρ
553 2663 586 2679 τα
605 2663 632 2679 τε
650 2654 768 2683 ξυσσίτια
787 2665 830 2679 και
847 2652 879 2680 τὰ
897 2663 1028 2691 γυμνασια

229 2694 312 2724 καλῶς
333 2692 465 2731 εὑρῆσθαι
486 2693 553 2730 πρὸς
575 2691 729 2731 ἀμφοτέρας.
774 2700 830 2722 ΑΘ.
849 2694 931 2723 ’Ἐοικε
955 2695 1027 2730 δῆτα,

901 156 1193 182 FLATONIS

1068 231 1088 262 ὦ
1106 237 1181 267 ξένοι,
1197 236 1312 270 χαλεπὸν
1329 235 1393 265 εἶναι
1407 237 1439 266 τὸ
1455 238 1514 275 περι
1527 237 1575 269 τὰς
1588 239 1717 268 πολιτείας
1733 248 1858 273 αναμφις-

1069 276 1181 313 βητητως
1202 276 1297 314 ὁμοίως
1319 279 1382 317 ’ἔργῳ
1399 281 1443 308 καὶ
1460 279 1528 318 λόγῳ
1545 282 1693 319 γίγνεσθαι.
1726 278 1860 306 κινδυνεύει

1068 318 1132 357 γάρ,
1158 318 1284 357 καθάπερ
1311 323 1337 347 έν
1361 325 1417 353 τοῖς
1442 334 1572 359 σωμασιν,
1605 334 1636 350 ου
1662 321 1771 349 δυνατὸν
1797 319 1861 349 εἶναι

1068 360 1211 398 προςτάξαι
1228 373 1253 389 τι
1266 361 1335 410 πρὸς
1352 363 1378 390 ἓν
1395 363 1469 401 σῶμα
1492 365 1517 392 ἓν
1539 364 1703 401 ἐπιτήδευμα,
1726 367 1751 391 ἐν
1772 364 1792 399 ᾡ
1815 374 1860 391 ουκ

1069 415 1101 430 αν
1118 414 1209 439 φανειη
1226 401 1322 431 ταύτὸν
1338 405 1416 433 τοῦτο
1433 406 1466 433 τὰ
1483 409 1530 443 μὲν
1545 406 1660 443 βλάπτον
1675 406 1707 434 τὰ
1722 404 1792 442 ἡμῶν
1807 404 1860 433 σώ-

1067 457 1151 482 ματα,
1179 451 1183 465 ¹
1211 445 1244 473 τὰ
1271 446 1298 473 δὲ
1323 447 1367 474 καὶ
1386 445 1511 483 ὠφελοῦν·
1539 450 1593 477 ἐπεὶ
1614 450 1657 476 καὶ
1678 447 1710 476 τὰ
1731 446 1861 486 γυμνάσια
1888 455 1905 474 Β

1069 487 1151 515 ταῦτα
1169 488 1212 514 καὶ
1229 486 1261 515 τὰ
1279 489 1397 519 ξυσσίτια
1414 490 1497 517 πολλὰ
1511 493 1558 527 μέν
1573 490 1637 518 ἄλλα
1653 491 1697 519 νῦν
1711 488 1804 526 ὠφελεῖ
1817 489 1863 520 τὰς

1069 528 1167 562 πόλεις,
1185 529 1252 567 πρὸς
1269 530 1296 557 δὲ
1313 529 1360 561 τὰς
1377 531 1481 563 στάσεις
1496 532 1609 567 χαλεπά·
1637 533 1742 568 δηλοῦσι
1760 533 1786 560 δὲ
1805 537 1861 559 Μι-

1070 573 1163 606 λησίων
1184 573 1226 599 καὶ
1242 572 1367 600 Βοιωτῶν
1387 574 1431 602 καὶ
1449 576 1564 611 Θουρίων
1584 576 1680 606 παῖδες,
1709 575 1752 602 καὶ
1773 574 1804 609 δὴ
1820 574 1864 601 καὶ

1069 613 1182 641 παλαιὸν
1199 613 1309 651 νόμιμον
1326 615 1397 642 δοκεῖ
1412 616 1490 644 τοῦτο
1505 616 1535 644 τὸ
1552 616 1711 654 ἐπιτήδευμα,
1730 616 1796 644 κατὰ
1811 615 1861 652 φύ-
1874 625 1877 644 t

1071 668 1112 684 σιν
1128 655 1176 687 τὰς
1193 657 1251 694 περὶ
1270 656 1302 684 τὰ
1321 655 1461 694 ἀφροδίσια
1479 657 1584 693 ἡδονάς,
1607 657 1639 687 οὗ
1654 659 1736 696 μόνον
1754 656 1862 696 ἀνθρώ-

1070 710 1133 731 πων,
1153 696 1216 725 ἆλλὰ
1235 699 1278 725 καὶ
1296 701 1404 735 θηρίων,
1423 700 1615 738 διεφθαρκέναι.
1642 702 1686 729 καὶ
1703 700 1801 730 τούτων
1818 699 1865 731 τὰς

1069 739 1193 778 ὑμετέρας
1210 740 1297 772 πόλεις
1313 740 1417 778 πρώτας
1436 740 1468 769 ἅν
1487 748 1490 762 ¹
1508 753 1546 774 τις
1564 743 1666 780 αἶτιῷτο
1681 744 1725 771 καὶ
1739 743 1801 772 ὅσαι
1814 742 1866 771 τῶν
1892 750 1908 769 c

1072 782 1154 811 ἄλλων
1169 782 1283 820 μάλιστα
1299 782 1426 811 ἅπτονται
1440 783 1490 812 τῶν
1504 786 1661 822 γυμνασίων·
1679 786 1723 813 καὶ
1737 788 1787 814 εἴτε
1801 786 1863 813 παί-

1072 828 1148 858 ζοντα
1165 828 1215 853 εἴτε
1233 825 1414 858 σπουδάζοντα
1433 829 1528 854 ἐννοεῖν
1543 828 1581 854 δεῖ
1594 826 1627 855 τὰ
1641 828 1758 861 τοιαῦτα,
1777 831 1863 863 ἐννοη-

1072 870 1137 900 τέον,
1156 866 1196 895 ὅτι
1213 868 1245 904 τῇ
1265 869 1357 904 θηλείᾳ
1374 869 1418 895 καὶ
1431 868 1463 906 τῇ
1477 868 1528 897 τῶν
1543 867 1655 908 ἆρ’ῥένων
1669 869 1746 906 φύσει
1759 870 1796 901 εἰς
1808 881 1864 898 κοι-

1072 912 1164 938 νωνίαν
1186 909 1263 947 ἰούσῃ
1281 910 1325 946 τῆς
1341 910 1481 948 γεννήσεως
1497 910 1512 946 ἦ
1530 913 1589 949 περὶ
1606 911 1688 940 ταῦτα
1704 910 1782 947 ἡδονὴ
1798 911 1866 940 κατὰ

1072 951 1151 989 φύσιν
1168 950 1355 980 ἀποδεδόσθαι
1373 954 1449 986 δοκεῖ,
1469 952 1581 992 ἀρρένων
1599 955 1626 982 δὲ
1642 953 1709 992 πρὸς
1727 952 1835 993 ἇίρῤενας
1852 952 1867 989 ἢ

1074 995 1186 1030 θηλειῶν
1207 994 1274 1032 πρὸς
1295 997 1404 1031 θηλείας
1425 996 1498 1033 παρὰ
1519 995 1598 1033 φύσιν
1619 997 1663 1024 καὶ
1683 996 1734 1024 τῶν
1759 995 1868 1034 πρώτων

1073 1037 1102 1065 τὸ
1125 1036 1242 1075 τόλμημα
1264 1035 1329 1065 εἶναι
1351 1035 1380 1065 δι’
1402 1037 1540 1076 ἀκράτειαν
1556 1037 1654 1074 ἡδονῆς.
1681 1038 1775 1070 πάντες
1793 1040 1820 1066 δὲ
1838 1037 1867 1073 δὴ

1072 1080 1182 1117 Κρητῶν
1203 1079 1248 1108 τὸν
1269 1091 1328 1117 περι
1346 1080 1483 1118 Γανυμήδη
1498 1081 1590 1118 μῦθον
1607 1081 1812 1119 κατηγοροῦμεν,
1834 1079 1869 1112 ὦς

1072 1121 1303 1160 λογοποιησαντων
1320 1133 1428 1151 τουτων·
1449 1129 1453 1144 ¹
1472 1123 1557 1159 ἐπειδὴ
1571 1123 1644 1161 παρὰ
1660 1123 1724 1155 Διὸς
1739 1122 1827 1154 αὐτοῖς
1842 1123 1869 1151 οἱ
1891 1131 1913 1151 D

1073 1164 1148 1202 νόμοι
1165 1167 1361 1202 πεπιστευμένοι
1379 1166 1447 1201 ἦσαν
1466 1168 1613 1204 γεγογέναι,
1635 1166 1730 1194 τοῦτον
1751 1166 1798 1194 τὸν
1816 1177 1891 1203 μυ-

1073 1211 1129 1235 θον
1149 1210 1361 1244 προςτεθεικένιιι
1382 1208 1448 1235 κατὰ
1469 1209 1517 1236 τοῦ
1535 1207 1610 1241 Διός,
1632 1209 1673 1236 ἵνα
1695 1207 1816 1245 ἑπόμενοι
1838 1207 1868 1243 δὴ

1073 1250 1108 1286 τῷ
1132 1250 1189 1286 θεῷ
1210 1249 1360 1286 καρπῶνται
1381 1262 1424 1277 και
1445 1249 1540 1285 ταύτην
1561 1250 1606 1286 τὴν
1632 1249 1732 1285 ηδονήν.
1764 1250 1795 1278 τὸ
1821 1252 1868 1287 μὲν
1892 1266 1895 1280 ι

1075 1293 1122 1320 οὖν
1139 1292 1186 1320 τοῦ
1203 1291 1296 1329 μύθου
1311 1295 1433 1329 χαιρέτω
1452 1291 1538 1330 νόμων
1555 1293 1583 1320 δὲ
1600 1295 1658 1330 πέρι
1676 1293 1866 1330 διασκοπουμέ-

1074 1346 1123 1362 νων
1146 1332 1297 1371 ἇνθρωπων
1319 1333 1407 1373 ὀλίγου
1428 1334 1504 1363 πᾶσα
1526 1338 1595 1363 ἐστιν
1615 1334 1630 1370 ἦ
1653 1337 1743 1372 σκέψις
1763 1337 1823 1372 περί
1842 1346 1869 1362 τε

1073 1376 1120 1408 τὰς
1141 1376 1235 1412 ηδονὰς
1256 1377 1300 1404 καὶ
1322 1377 1368 1408 τὰς
1388 1376 1471 1408 λύπας
1492 1378 1518 1405 έν
1539 1389 1566 1405 τε
1583 1376 1676 1406 πόλεσι
1693 1378 1736 1405 καὶ
1754 1380 1779 1405 ἐν
1797 1377 1870 1408 ιδίοις

1073 1418 1162 1455 ἤθεσι.
1190 1418 1235 1447 δύο
1253 1419 1304 1457 γὰρ
1324 1415 1400 1447 αὗται
1416 1420 1498 1458 πηγαὶ
1514 1423 1652 1457 μεθεῖνται
1666 1418 1743 1456 φύσει
1757 1423 1819 1458 ῥεῖν,
1834 1414 1870 1447 ὧν

1074 1460 1088 1490 ὁ
1109 1464 1156 1499 μὲν
1179 1460 1336 1499 ἀρυτόμενος
1358 1461 1425 1490 ὅθεν
1446 1474 1473 1490 τε
1492 1463 1531 1490 δεῖ
1546 1463 1590 1490 καὶ
1608 1461 1688 1490 ὁπότε
1706 1463 1749 1490 καὶ
1767 1460 1870 1490 ὁπόσον

1075 1510 1078 1525 ¹
1098 1503 1256 1541 εὐδαιμονεῖ,
1283 1505 1327 1531 καὶ
1348 1504 1422 1536 πόλις
1444 1503 1538 1542 ὁμοίως
1559 1505 1603 1532 καὶ
1625 1503 1724 1554 ἶδιτότης
1745 1505 1788 1532 καὶ
1806 1503 1870 1536 ζῶον
1896 1512 1913 1530 E

1075 1546 1157 1579 ἅπαν,
1182 1545 1197 1574 ὃ
1219 1544 1243 1573 δ
1261 1544 1470 1584 ανεπιστημόνως
1488 1546 1541 1584 α’μα
1559 1548 1602 1575 καὶ
1620 1546 1692 1578 ἐκτὸς
1708 1546 1759 1575 τῶν
1775 1546 1871 1584 καιρῶν

1074 1588 1197 1618 τάναντία
1216 1600 1248 1616 αν
1266 1591 1349 1626 ἐκείνῳ
1367 1588 1422 1627 ζῴη
1453 1595 1496 1617 ΙΧ.
1515 1595 1570 1617 ME.
1589 1591 1700 1628 Λέγεται
1715 1592 1762 1628 μὲν
1778 1589 1869 1621 ταῦτα,

1074 1633 1094 1660 ὦ
1112 1634 1174 1664 ξένε,
1192 1631 1276 1663 καλῶς
1292 1642 1357 1663 πως
1377 1630 1408 1660 οὗ
1424 1631 1475 1669 μὴν
1493 1630 1544 1659 ἀλλ’
1563 1630 1664 1668 αφασία
1681 1630 1704 1670 γ’
1720 1630 1787 1669 ἡμᾶς
1803 1634 1868 1669 λαμ-

1075 1673 1154 1712 βανει,
1172 1675 1198 1702 τί
1213 1685 1277 1702 ποτε
1293 1674 1343 1712 χρὴ
1361 1676 1441 1724 λέγειν
1457 1674 1524 1712 πρὸς
1540 1674 1630 1702 ταῦτα
1657 1674 1726 1712 ὅμως
1743 1673 1766 1702 ὃ
1785 1675 1870 1712 ε’μοιγε

1075 1716 1166 1755 ὀρθῶς
1184 1717 1255 1745 δοκεῖ
1271 1717 1301 1745 τὸ
1319 1716 1366 1748 τὰς
1382 1715 1478 1752 ἥδονας
1494 1717 1597 1755 φεύγειν
1613 1716 1811 1745 διακάεύεσθαι
1825 1715 1871 1744 τόν

1073 1772 1103 1798 γε
1122 1763 1148 1787 ἐν
1165 1760 1339 1809 Λακεδαίμονι
1356 1762 1515 1797 νομοθέτην·
1538 1760 1597 1797 περὶ
1616 1760 1643 1788 δὲ
1660 1759 1710 1788 τῶν
1727 1762 1754 1788 ἐν
1767 1758 1871 1796 ’Κνωσῷ

1075 1801 1160 1840 νόμων
1187 1802 1242 1834 ὅδε,
1270 1801 1302 1830 ἄν
1324 1804 1416 1839 ἐθέλῃ,
1444 1801 1581 1839 βοηθήσει.
1611 1802 1644 1830 τὰ
1667 1800 1690 1829 δ
1713 1805 1738 1830 ἐν
1759 1800 1871 1839 Σπαρτῃ

1075 1842 1185 1873 καλλιστ
1208 1842 1359 1894 ἀνθρώπων
1380 1848 1393 1862 *
1415 1845 1487 1874 δοκεῖ
1505 1857 1550 1882 μοι
1572 1847 1682 1872 κεῖσθαι
1699 1844 1731 1872 τὰ
1749 1844 1809 1882 περὶ
1825 1843 1872 1874 τὰς
1897 1852 1931 1870 637

1074 1886 1179 1923 ἡδονάς
1199 1898 1230 1914 ου
1247 1887 1298 1925 γὰρ
1312 1884 1413 1924 μαλιστ
1431 1885 1571 1925 α’νθρωποι
1586 1887 1629 1915 καὶ
1641 1888 1776 1925 μεγίσταις
1790 1897 1869 1924 προς-

1075 1931 1215 1958 πίπτουσιν
1231 1928 1336 1965 ηδοναῖς
1357 1941 1400 1957 και
1420 1928 1510 1967 ν’βρεσι
1531 1930 1574 1957 καὶ
1596 1927 1671 1965 ανοίᾳ
1692 1941 1779 1967 πασῃ,
1801 1926 1869 1957 τοῦτ

1076 1973 1192 2009 ἐξέβαλεν
1214 1970 1227 1999 6
1250 1971 1330 2009 νόμος
1350 1983 1420 2009 ημων
1442 1975 1468 1999 ἐκ
1490 1972 1533 2007 τῆς
1551 1982 1639 2009 χωρας
1660 1970 1807 2009 ξυμπάσης,
1829 1972 1872 1998 καὶ

1076 2013 1129 2043 οὐτ’
1147 2026 1179 2042 αν
1197 2011 1233 2042 ἐπ
1252 2012 1338 2053 ἆγρῶν
1356 2015 1420 2045 ἴδοις
1437 2012 1489 2042 οὐτ’
1507 2018 1533 2042 ἐν
1550 2013 1669 2046 ἄστεσιν,
1692 2025 1763 2042 οσων
1777 2018 1870 2050 Σπαρ-

1076 2056 1176 2088 τιάταις
1194 2059 1274 2093 μέλει,
1297 2055 1432 2091 συμπόσια
1455 2055 1511 2084 ουδ
1534 2055 1624 2085 ὁπόσα
1641 2067 1744 2087 τουτοις
1761 2055 1870 2088 ξυνεπό-

1073 2112 1139 2137 μενα
1158 2098 1248 2130 πάσας
1264 2097 1359 2134 ἡδονὰς
1375 2102 1438 2126 κινεῖ
1454 2098 1521 2126 κατὰ
1537 2098 1650 2136 δύναμιν,
1670 2097 1726 2127 οὐδ’
1744 2099 1813 2127 ἔστιν
1827 2097 1869 2129 ὅς-

1074 2153 1113 2174 τις
1134 2141 1167 2170 ἄν
1188 2139 1310 2169 ἀπαντῶν
1331 2140 1473 2178 κωμάζοντί
1494 2152 1542 2169 τινι
1564 2140 1631 2178 μετὰ
1655 2143 1742 2178 μέθης
1767 2139 1813 2169 οὐκ
1832 2139 1873 2168 ’κᾶν

1075 2184 1120 2235 την
1135 2186 1259 2223 μεγίστην
1276 2184 1346 2235 δίκην
1362 2181 1451 2232 εὐθὺς
1464 2190 1467 2204 ¹
1484 2185 1599 2219 ἐπιθείη,
1622 2184 1666 2211 καὶ
1685 2181 1741 2212 οὐδ’
1759 2181 1791 2210 ἂν
1807 2186 1870 2211 Διο-
1896 2189 1914 2208 Β

1075 2239 1152 2256 ννσια
1171 2225 1305 2264 πρόφασιν
1324 2224 1403 2261 ἔχοντ
1421 2224 1500 2254 αυτὸν
1517 2225 1638 2259 λύσαιτο,
1657 2225 1739 2263 ὥςπερ
1758 2228 1784 2253 ἐν
1802 2223 1870 2262 αμά-

1076 2273 1132 2302 ξαις
1158 2267 1228 2297 εἶδόν
1253 2280 1318 2296 ποτε
1343 2280 1397 2306 παρ
1428 2267 1488 2305 ὑμῖν
1513 2267 1571 2306 ἐγώ
1597 2280 1639 2296 και
1663 2271 1688 2296 ἐν
1711 2266 1824 2305 Ταραντι
1846 2268 1873 2295 δὲ

1076 2312 1149 2350 παρὰ
1170 2315 1226 2343 τοῖς
1246 2309 1377 2361 ημετέροις
1399 2309 1518 2342 ἀποίκοις
1539 2309 1630 2339 πᾶσαν
1652 2309 1807 2347 ἐθεασαμην
1827 2309 1873 2345 τὴν

1075 2354 1151 2383 πόλιν
1167 2354 1226 2391 περὶ
1243 2353 1276 2381 τὰ
1296 2351 1421 2381 Διονυσια
1437 2352 1605 2391 μεθυουσαν·
1628 2364 1682 2390 παρ
1705 2351 1764 2390 ἡμῖν
1782 2350 1806 2380 δ
1826 2350 1872 2380 οὐκ

1077 2396 1127 2425 ἔστ’
1146 2395 1220 2426 οὐδὲν
1237 2395 1363 2424 τοιοῦτον.
1395 2400 1450 2424 ΑΘ.
1466 2390 1497 2422 ³.st
1514 2394 1701 2445 Λακεδαιμόνιε
1720 2396 1781 2427 ξένε,
1797 2397 1871 2422 ἐπαι-

1076 2439 1137 2468 νετὰ
1161 2441 1208 2476 μὲν
1233 2436 1307 2466 παντ’
1334 2439 1388 2466 ἐστι
1414 2437 1447 2465 τὰ
1472 2449 1594 2470 τοιαυτα,
1622 2436 1690 2466 ὅπου
1711 2439 1776 2468 τινὲς
1797 2437 1873 2466 ἔνεισι

1077 2481 1248 2520 καρτερήσεις,
1268 2480 1336 2509 ὅπου
1354 2481 1381 2508 δὲ
1400 2478 1520 2512 ἀνεῖνται,
1540 2479 1722 2517 βλακικώτερα·
1742 2478 1807 2514 ταχὺ
1821 2477 1872 2517 γάρ

1078 2537 1127 2553 σου
1149 2521 1245 2560 λαβοιτ
1268 2529 1271 2543 ¹
1292 2522 1324 2551 α’ν
1341 2534 1378 2554 τις
1394 2522 1445 2551 τῶν
1462 2534 1516 2560 παρ
1539 2521 1610 2559 ἡμῶν
1627 2520 1798 2559 ἀμυνόμενος,
1821 2522 1871 2549 δει-
1899 2527 1915 2546 c

1078 2578 1136 2599 xvv?
1158 2566 1203 2602 Ίὴν
1224 2566 1275 2593 Τῶν
1295 2565 1422 2604 γυναικῶν
1443 2563 1538 2603 Τῖαρ1
1524 2568 1584 2602 ὐμῖν
1606 2563 1700 2593 ἄνεσιν.
1733 2562 1817 2592 &naal
1843 2562 1873 2599 δὴ

1078 2613 1133 2641 Τοῖς
1150 2620 1287 2640 Τοὶουῖοις,
1306 2621 1349 2635 και
1367 2611 1392 2635 ἐν
1412 2607 1525 2645 Ταραηι
1541 2607 1585 2634 καὶ
1602 2605 1662 2644 Πῦρ,
1679 2619 1739 2644 ημίν
1753 2606 1797 2634 καὶ
1798 2603 1870 2655 ..παρ

1077 2651 1137 2689 ὖμῖν
1154 2652 1191 2684 δέ,
1213 2663 1259 2688 μια
1283 2649 1419 2687 απόκρισις
1436 2648 1605 2678 απολυεσθαι
1623 2650 1694 2678 δοκεῖ
1709 2648 1757 2677 τοῦ
1772 2647 1807 2685 μὴ
1823 2660 1870 2676 κα-

1079 2694 1128 2725 κῶς
1155 2694 1219 2729 ἔχειν
1246 2691 1297 2721 ἀλλ’
1325 2692 1422 2730 ὀρθῶς.
1449 2693 1501 2723 πᾶς
1525 2691 1576 2730 γὰρ
1600 2690 1802 2729 ἀποκρινόμενος
1823 2693 1876 2728 ἐρεῖ

1952 1161 1957 1170 ¹

1932 1172 1993 1208 ,ι

1989 1210 1992 1218 ⁴

1989 3026 1998 3084 scs:
