1998 3084
173 1786 207 1804 ¹45

232 181 266 207 52

236 258 354 297 ἇνδρεῖοι
374 257 436 308 παρ’
453 258 582 290 ὁντινοῦν,
606 257 655 296 ἐγὼ
671 260 718 294 μὲν
737 255 789 285 ov'r'
807 255 839 284 ἄν
857 255 944 294 ᾠόμην
959 261 1029 296 γενέ-

236 305 307 330 σθαι
330 300 389 330 οὔτε
414 300 466 338 ορῶ
488 302 665 339 γιγνομένους
693 297 745 326 ἀλλ
763 300 790 327 οἵ
811 310 838 327 τε
861 297 929 331 ὀξεῖς
950 299 1032 338 ω’ςπερ

236 339 314 375 οὗτος
329 356 373 371 και
391 341 491 381 ἇγχίνοι
507 342 551 370 καὶ
566 340 692 379 μνήμονες
706 339 741 372 ὦς
754 340 787 369 τὰ
801 341 886 369 πολλὰ
901 341 945 370 καὶ
958 341 1026 379 πρὸς

236 385 283 417 τὰς
300 384 381 423 ὀργὰς
399 384 543 433 ὀξυρροποί
559 383 621 415 εἶσι,
644 384 687 411 καὶ
706 381 826 445 α’τιτοντες
842 385 965 434 φέρονται
983 382 1030 415 ὦς-

236 440 285 465 περ
307 427 339 456 τὰ
362 425 536 464 ἆνερμάτιστα
557 427 650 458 πλοῖα,
672 426 716 453 καὶ
735 424 926 463 Ιμανικωτεροι
946 424 962 461 ἢ
985 438 1029 454 αν·

236 468 375 508 δρειότεροι
399 480 521 517 φυονται,
549 469 577 497 σι’
597 479 624 496 τε
649 468 682 496 αὖ
706 468 904 505 ἐμβριθέστεροι
930 470 1034 506 νωθροί

234 522 290 543 πως
312 509 447 539 ἀπαντῶσι
467 510 535 548 πρὸς
555 509 602 541 τὰς
621 508 755 547 μαθήσεις
776 521 820 537 και
836 509 921 545 λήθης
937 514 1029 548 γέμον-

235 564 283 585 τες.
310 551 324 581 ὁ
347 554 374 581 δὲ
397 551 464 581 ου’τω
481 554 553 584 λείως
569 564 596 580 τε
614 552 658 580 καὶ
676 550 826 583 ἀπταίστως
842 553 885 579 καὶ
903 550 1032 589 ἀνυσίμως

236 597 335 633 ἔρχεται
353 595 395 623 ἐπὶ
411 594 458 626 τὰς
474 593 607 631 μαθήσεις
622 606 650 623 τε
667 595 711 622 καὶ
729 593 841 629 ζητήσεις
856 593 922 631 μετὰ
937 595 1032 629 πολλῆς

234 636 393 686 πραότητος,
417 634 474 665 οἷον
491 638 578 665 ἐλαίου
595 637 676 675 ῥεῦμα
695 634 813 686 ἆψρφητι
831 639 947 674 ῥέοντος,
970 635 1030 667 ω’ςτε

235 678 378 716 θαυμάσαι
398 679 428 707 τὸ
451 680 600 715 τηλικοῦτον
622 678 685 707 ὅντα
708 677 776 707 ου’τω
797 679 880 706 ταῦτα
903 677 1029 715 διαπράτ-

234 725 341 750 τεσθαι.
385 726 440 749 ΣΩ.
467 722 503 749 Ευ
527 719 663 773 ἀγγέλλεις.
694 722 762 752 τίνος
785 721 813 749 δὲ
836 722 880 748 καί
903 724 958 749 ἐστι
981 721 1032 748 τῶν

234 763 359 797 πολιτῶνς
395 768 475 792 ΘΕΟ.
491 761 602 799 Ἀκήκοα
622 765 670 801 μὲν
687 775 814 800 τουνομα,
836 762 986 800 μνημονεύω
1005 763 1031 791 δὲ

236 804 275 834 ου’.
303 804 367 834 ἀλλὰ
388 818 440 855 γαρ
463 809 518 834 ἐστι
541 811 545 826 ¹
567 806 646 834 τῶνδε
668 805 719 834 τῶν
739 803 899 842 προςιόντων
920 804 934 833 ὁ
954 808 980 832 ἐν
997 817 1031 841 τῳ

233 850 311 886 μέσῳ.
332 860 390 891 αρτι
405 847 457 886 γὰρ
476 851 502 876 ἐν
519 848 554 885 τῷ
573 849 624 880 ἔξω
639 847 726 885 δρόμῳ
741 846 905 883 ἠλείφοντο(
893 848 992 884 εταῖροί
1005 849 1033 874 τέ

235 901 300 922 τινες
317 892 389 919 οὗτοι
408 888 488 918 αὐτοῦ
503 890 546 918 καὶ
562 888 647 921 αὐτός,
666 891 710 917 νυι
725 891 753 917 δέ
764 901 810 926 μοι
825 890 947 917 δοκοῦσιν
962 887 1030 916 ἀλει-

235 931 348 970 ψάμειοι
375 932 477 970 δεῦρο’
469 934 540 960 ιὲναι
559 930 623 960 ἀλλὰ
642 931 746 964 σκόπει,
768 931 792 960 εἶ
811 930 961 969 γιγνώσκεις
983 928 1030 959 αὗ-

235 973 289 1003 τόν.
333 980 388 1002 ΣΩ.
404 973 554 1025 Γιγνώσκω·
572 973 586 1002 ὁ
601 974 649 1002 τοῦ
663 976 791 1005 Σουνιέως
807 971 954 1011 Ευφρονίου
969 974 1031 1005 ἐστί,

235 1017 279 1045 καὶ
295 1015 364 1045 πάνυ
381 1029 422 1055 γε,
441 1028 461 1045 ω
479 1018 547 1053 φίλε,
567 1014 661 1054 ανδρὸς
678 1014 735 1044 οἷον
752 1016 796 1043 καὶ
814 1028 847 1043 συ
864 1016 958 1044 τοῦτον
976 1016 1029 1051 διη-

235 1062 282 1097 γεῖ,
301 1071 344 1087 και
363 1058 444 1090 ἄλλως
460 1057 608 1096 εὐδοκίμου,
627 1058 671 1086 καὶ
686 1060 774 1095 μέντοι
791 1070 834 1085 και
852 1055 945 1086 οὗσίαν
960 1056 1031 1095 μάλα

235 1101 332 1137 πολλὴν
348 1103 474 1129 κατέλιπε.
492 1100 522 1129 τὸ
542 1099 566 1128 δ
584 1099 668 1138 ὄνομα
687 1098 733 1128 οὖκ
752 1098 811 1128 οἶδα
830 1101 876 1128 τοῦ
889 1101 1030 1137 μειρακίου

236 1148 315 1172 ΘΕΟ.
336 1145 486 1179 Θεαίτητος,
514 1155 533 1170 ω
555 1141 703 1180 Σωκρατες,
733 1148 736 1162 ¹
760 1141 791 1170 τό
812 1154 842 1181 γε
864 1141 959 1179 ὄνομα
987 1154 1032 1177 τηι

233 1188 320 1223 μέντοι
339 1184 432 1214 οὐσίαν
449 1185 558 1214 δοκοῦσί
573 1197 619 1222 μοι
637 1186 774 1222 ἐπίτροποί
790 1195 854 1234 τινες
872 1185 1029 1221 διεφθαρκέ-

234 1240 284 1256 ναι.
312 1226 363 1256 ἀλλ
385 1226 455 1265 ὅμως
475 1228 518 1256 καὶ
539 1226 606 1278 πρὸς
627 1226 673 1262 τὴν
693 1228 744 1255 τῶν
763 1225 902 1265 χρημάτων
924 1229 1029 1255 ἐλευθε-

234 1269 341 1307 ριότητα
359 1269 530 1307 θαυμαστός,
552 1271 573 1298 ὦ
590 1268 733 1307 Σωκρατες.
777 1274 832 1297 ΣΩ.
852 1268 973 1297 Γεννικὸν
989 1271 1029 1297 λε’-

233 1323 287 1351 γεις
306 1311 354 1341 τὸν
375 1311 464 1350 α’νδρα.
491 1324 534 1340 και
553 1324 599 1349 μοι
620 1314 702 1340 κέλευε
725 1309 805 1340 αυτὸν
827 1311 924 1340 ἐνθάδε
941 1323 1029 1348 παρα-

234 1356 405 1387 καθίζεσθαι.
449 1359 529 1383 ΘΕΟ.
548 1354 638 1382 Ἔσται
659 1355 749 1382 ταῦτα.
794 1355 928 1389 Θεαίτητε,
956 1354 1030 1390 δεῦρο

233 1396 306 1434 παρὰ
324 1395 458 1434 Σωκράτη.
501 1402 557 1425 ΣΩ.
575 1395 653 1424 Πάνυ
668 1398 716 1434 μὲν
733 1408 786 1428 ουν,
805 1397 825 1424 ὦ
842 1397 971 1431 Θεαίτητε,
989 1397 1030 1423 ἰνα

234 1437 305 1478 κᾶγώ
328 1438 439 1477 ἐμαυτὸν
461 1437 660 1476 ἇναοκὲψωμαι,
682 1437 763 1466 ποῖόν
784 1451 808 1466 τι
830 1439 878 1473 εζχω
900 1437 930 1466 τὸ
948 1436 1029 1475 πρός-

234 1493 314 1510 ωπον.
347 1482 413 1517 φησὶ
437 1480 490 1531 γὰρ
517 1481 653 1534 Θεόδωρος
680 1481 744 1516 ἔχειν
769 1493 800 1517 με
827 1481 872 1508 σοὶ
899 1486 903 1500 ¹
932 1479 1030 1529 ὅμοιον.

234 1522 302 1562 ἇτὰρ
323 1523 346 1552 εἶ
367 1524 417 1561 νῷν
439 1522 554 1559 ἐχόντοιν
575 1525 698 1572 ἑκαξὲρου
718 1521 799 1560 λύραν
821 1523 868 1559 έφη
887 1520 968 1553 αὐτὰς
984 1520 1030 1560 ἧρ-

231 1565 341 1604 μόσθαι
358 1564 460 1603 ὁμοίως,
479 1565 592 1603 πότερον
609 1563 691 1597 ευθυς
709 1563 741 1593 ἂν
759 1564 926 1602 ἐπιστευομεν
940 1563 955 1600 ἢ
972 1568 1029 1592 ἐπε-

234 1606 383 1646 σκεψαμεθ’
401 1607 441 1641 dlv,
459 1608 482 1636 εἰ
497 1607 624 1646 μουσικὸς
642 1606 677 1636 ὧν
694 1609 773 1646 λέγεις
802 1612 895 1635 ΘΕΑΙ
909 1605 1029 1635 Ἐπεσκε-

232 1648 337 1688 ψαμεθ’
355 1649 394 1678 o'c'v.
437 1655 494 1678 ΣΩ.
515 1648 615 1679 Οὐκοῦν
631 1650 753 1678 τοιοῦτον
766 1652 813 1686 μὲν
827 1648 946 1687 εὑρόντες
961 1652 1029 1677 ἐπει-

234 1690 337 1731 θόμεθ
356 1691 395 1725 α’ν,
415 1691 535 1730 ἄμουσον
552 1693 586 1725 δέ,
605 1690 776 1729 ἧπιστοῦμε7;
812 1697 906 1720 ΘΕΑΙ.
923 1689 1030 1726 Ἀληθῆ.

233 1740 289 1764 ΣΩ.
310 1735 369 1763 Νὖν
390 1736 418 1763 δέ
433 1733 456 1773 γ’
474 1733 558 1772 οἶμαι,
580 1737 607 1763 εἰ
619 1747 644 1762 τι
659 1736 727 1772 μέλει
745 1733 803 1771 ἡμῖν
820 1735 865 1770 τῆς
881 1734 932 1762 τῶν
949 1744 1028 1771 προς-

233 1789 311 1806 ωπων
328 1776 495 1814 ὁμοιότητος,
515 1779 647 1810 σκεπτέον,
666 1776 688 1805 εἶ
705 1776 833 1818 γραφικὸς
851 1781 862 1793 *
881 1775 916 1804 ὧν
933 1778 997 1814 λέγει
1016 1774 1031 1811 ἢ

234 1832 273 1848 ου.
322 1825 415 1848 ΘΕΑΙ.
443 1822 524 1848 Δοκεῖ
546 1831 600 1857 μοι.
647 1824 703 1847 ΣΩ.
732 1820 764 1846 'Il
794 1819 839 1846 οὖν
871 1817 1032 1856 ζωγραφικὸς

230 1861 382 1913 Θεόδωρος;
426 1866 520 1890 ΘΕΑΙ.
547 1859 612 1897 Οὐχ,
637 1860 703 1890 ὅσον
725 1863 756 1899 γέ
774 1873 806 1898 με
830 1860 930 1889 εἰδέναι.
974 1865 1030 1888 ΣΩ.

230 1899 282 1942 Αρ’
299 1902 359 1933 ουδὲ
372 1903 554 1954 γεωμετρικόςς
591 1908 685 1932 ΘΕΑΙ
700 1902 813 1952 Πῖἱντως
828 1901 918 1938 δήπου,
935 1897 955 1930 ῶ
969 1901 1029 1930 Σω-

232 1957 331 1984 κρατες.
373 1951 430 1974 ΣΩ.
450 1941 486 1974 H
504 1958 548 1974 και
570 1944 760 1997 ἀστρονομξκὸς
780 1946 824 1973 καὶ
841 1943 987 1983 λογιστικός
1005 1956 1031 1972 τε

232 1989 277 2018 καὶ
291 1988 418 2026 μουσικὸς
433 1989 478 2017 καὶ
495 1987 548 2017 ο’σα
565 1988 710 2019 παιδείας’
702 1989 798 2023 ἐχεται;
834 1992 927 2016 ΘΕΑΙ.
942 1986 1029 2024 Ἐμοι-

232 2043 262 2070 γε
288 2031 366 2059 δοκεῖ.
409 2035 464 2059 ΣΩ.
492 2030 524 2058 Εἰ
548 2033 596 2068 μὲν
623 2029 674 2068 α’ρα
700 2029 767 2067 ἡμᾶς
793 2031 840 2058 τοῦ
864 2028 987 2066 σωματός
1008 2041 1031 2057 τι

233 2072 341 2111 ὁμοίους
361 2085 441 2109 φησιν
462 2071 527 2101 εἶναι
550 2073 661 2101 ἐπαινῶν
682 2084 719 2109 πη
743 2071 758 2108 ἢ
782 2075 882 2110 ψέγων,
907 2070 938 2100 οὗ
961 2070 1031 2099 πάνυ

233 2113 302 2153 αὐτῷ
329 2114 403 2147 ἄξιον
429 2114 476 2143 τὸν
501 2115 563 2144 νοῦν
588 2117 727 2152 προςέχειν.
771 2112 965 2145 ΘΕΑ1.Ἰσως
991 2126 1030 2142 ου.

232 2163 288 2186 ΣΩ.
308 2159 341 2186 Τί
361 2155 385 2185 δ
406 2156 428 2186 εἶ
445 2159 568 2211 ποτέρου
576 2157 621 2193 τὴν
637 2156 723 2194 ψυχὴν
742 2163 745 2177 ¹
765 2160 868 2185 ἐπαινοῖ
883 2156 951 2194 πρὸς
969 2154 1029 2194 ἆρε-

232 2199 279 2236 τήν
299 2211 326 2228 τε
348 2212 391 2228 και
413 2201 523 2236 σοφίαν,·
552 2197 590 2237 αρ’
612 2197 658 2228 οὐκ
682 2198 755 2231 ἄξιον
772 2199 807 2236 τῷ
823 2201 871 2236 μὲν
890 2197 1031 2227 ἀκούσαντι

232 2245 441 2280 προθυμεῖσθαι
459 2240 668 2279 ἀνασκέψασθαι
686 2241 732 2270 τὸν
751 2243 931 2273 ἐπαινεθέντα,
950 2253 985 2278 τῳ
1004 2242 1030 2269 δὲ

232 2283 381 2326 προθυμως
398 2283 491 2312 ἑαυτὸν
509 2283 688 2317 ἐπιδεικνύναις
708 2289 801 2311 ΘΕΑΙ
820 2282 898 2311 ΙΙιὶνυ
914 2285 961 2320 μὲν
976 2283 1029 2315 ου’ν,

233 2327 253 2355 ὦ
269 2325 414 2364 Σωκρατες.
458 2333 500 2353 111.
518 2332 574 2354 ΣΩ.
588 2325 656 2363 Ὦρα
674 2327 766 2358 τοίνυι,
785 2321 806 2354 ὦ
823 2328 879 2362 φίλε
900 2327 1029 2360 Θεαίτητε,

233 2369 277 2398 σοὶ
293 2371 340 2406 μὲν
358 2367 533 2401 ἐπιδεικνυναι,
553 2369 609 2406 ἐμοὶ
627 2369 653 2396 δὲ
672 2371 849 2397 σκοπεῖσθαι
868 2379 902 2399 ως
916 2368 944 2396 εὖ
960 2370 1028 2401 ἶσθι,

232 2410 273 2440 ὅτι
296 2410 432 2449 Θεόδωρος
456 2410 570 2442 πολλοὺς
591 2410 621 2445 δὴ
642 2409 710 2448 πρός
729 2422 761 2447 με
784 2413 921 2441 ἐπαινέσας
943 2412 1030 2442 ξένους

231 2465 259 2482 τε
284 2453 329 2481 καὶ
355 2451 452 2484 ἆστους
478 2451 570 2493 οὐδένα
595 2464 637 2480 πω
664 2451 786 2490 ἐπηνεσεν
812 2464 846 2484 ως
869 2455 899 2481 σὲ
923 2453 967 2480 νῦν
991 2451 1028 2487 δή.

232 2500 326 2524 ΘΕΑΙ.
344 2490 383 2524 Εὖ
401 2493 433 2523 ἂν
451 2496 512 2530 ἔχοι,
531 2507 551 2523 ω
566 2493 715 2545 Σώκρατες·
745 2493 796 2522 ἀλλ’
814 2494 863 2532 ο’ρα
880 2494 915 2532 μὴ
933 2507 979 2522 παι
983 2499 1030 2527 ζων

233 2544 237 2559 ¹
257 2539 347 2576 ε’λεγεν.
390 2542 446 2565 ΣΩ.
471 2535 524 2573 Ουχ
546 2547 623 2568 ουτος
640 2535 655 2565 ὁ
674 2535 772 2574 τρόπος
790 2536 935 2574 Θεοδώρου.
964 2535 1028 2564 αλλὰ

229 2579 264 2617 μὴ
292 2578 406 2608 ἇναδῦου
431 2579 464 2607 τὰ
490 2578 674 2618 ὡμολογημένα
701 2578 877 2616 σκηπτόμενος
903 2580 1028 2612 παίζοντα

230 2624 310 2661 λέγειν
327 2621 413 2655 τόνδε,
430 2623 474 2650 ἳνα
489 2621 524 2659 μὴ
542 2622 585 2650 καὶ
604 2620 764 2659 ἀναγκασθῇ
781 2625 931 2659 μαρτυρεῖν·
959 2620 1026 2650 πάν-

229 2675 279 2696 τως
294 2664 346 2703 γάρ
365 2662 449 2696 οὐδεὶς
467 2663 603 2702 ἐπισκήψει
622 2661 698 2700 αὐτῷ.
727 2662 790 2691 ἀλλὰ
809 2664 921 2702 θαρρῶν
939 2665 1027 2701 ἔμμενε

229 2707 261 2744 τῇ
279 2705 412 2745 ὁμολογίᾳ.
457 2711 550 2735 ΘΕΑΙ.
569 2706 642 2735 Ἀλλὰ
659 2705 708 2743 χρὴ
727 2707 808 2734 ταῦτα
827 2710 923 2738 ποιεῖν,
942 2706 965 2734 εἶ
983 2706 1027 2734 σοί

909 178 1204 206 PLATONIS

1083 259 1160 287 δοκεῖ.
1203 263 1259 286 ΣΩ.
1277 260 1344 295 Λέγε
1362 256 1392 306 δή
1407 267 1464 295 μοι
1485 255 1633 294 μανθανεις
1648 269 1702 285 που
1718 257 1791 295 παρὰ
1810 262 1876 288 Θεο-

1083 299 1167 338 δωρου
1193 301 1349 352 γεωμετρίας
1375 298 1453 333 ἅπας
1489 304 1582 327 ΘΕΑΙ.
1603 299 1707 352 Ἔγωγε.
1750 304 1805 328 ΣΩ.
1822 301 1878 329 Καὶ

1082 343 1133 370 τῶν
1154 343 1213 379 περὶ
1236 340 1412 379 αστρονομίαν
1433 353 1459 370 τε
1481 342 1525 369 καὶ
1553 347 1557 362 ¹
1586 340 1711 379 ἆρμοιιάς
1736 342 1780 369 καὶ
1805 344 1875 381 λογι-

1084 395 1181 434 σμους,
1215 389 1308 412 ΘΕΑΙ.
1331 383 1533 433 Προθυμρῦμαί
1552 395 1582 422 γε
1600 383 1638 419 δή
1682 389 1736 411 ΣΩ.
1755 384 1811 412 Καὶ
1826 384 1877 422 γὰρ

1084 425 1140 464 ἐγώ,
1160 426 1180 453 ὦ
1197 429 1258 458 παῖ,
1277 437 1350 463 παρα
1367 437 1397 464 γε
1415 437 1510 454 τουτου
1527 438 1571 453 και
1587 437 1642 463 παρ
1667 424 1760 458 ἄλλων,
1784 425 1830 457 οὖς
1847 439 1878 455 αν

1083 470 1178 505 οἷ’ωμαί
1194 480 1218 496 τι
1235 479 1334 496 τουτων
1351 468 1455 496 ἐπαίειν.
1483 465 1536 495 αλλ
1553 466 1622 505 ὅμως
1636 467 1669 496 τὰ
1682 469 1730 505 μὲν
1745 466 1838 495 α’λλα’
1830 470 1877 504 ε’χω

1082 522 1141 547 περι
1160 508 1226 538 αὐτα
1243 511 1362 547 μετρίως,
1381 509 1490 547 σμικρὸν
1507 510 1535 537 δὲ
1551 521 1575 537 τι
1593 507 1693 560 απορῶ,
1712 508 1728 537 ὅ
1744 509 1810 546 μετὰ
1828 512 1877 539 σοῦ

1082 564 1109 580 τε
1127 553 1170 579 καὶ
1187 564 1237 580 τωι
1239 553 1265 580 δε
1284 554 1415 580 σκεπτέον.
1442 553 1486 579 καί
1501 563 1547 588 μοι
1563 554 1630 589 λέγε·
1655 563 1687 589 αρ
1714 563 1746 579 ου
1762 551 1793 580 τὸ
1809 564 1875 590 μαν-

1083 593 1177 622 θαιειν
1200 595 1254 622 ἐστὶ
1276 593 1306 622 τὸ
1329 606 1482 631 σοφωτέραν
1498 595 1641 631 γίγνεσθαι
1657 605 1717 631 περι
1735 592 1751 622 ὅ
1766 593 1875 631 μανθα-

1082 648 1118 664 νει
1135 647 1185 669 τις,·
1227 641 1320 664 ΘΕΑΙ.
1338 637 1402 667 Πῶς
1418 635 1470 674 γὰρ
1489 634 1533 668 οὖς
1575 641 1630 663 ΣΩ.
1648 637 1736 671 Σοφίᾳ
1754 636 1781 664 δέ
1797 634 1820 674 γ’
1837 635 1876 665 οἷ-

1080 690 1128 716 μαι
1151 679 1232 714 σοφοὶ
1250 679 1276 706 οἱ
1295 680 1382 714 σοφοί.
1427 683 1521 705 ΘΕΑΙ.
1542 678 1605 705 Ναί.
1648 682 1704 705 ΣΩ.
1724 683 1728 698 ¹
1749 679 1833 706 Τοῦτο
1851 680 1878 707 δὲ

1080 721 1136 757 μῶν
1154 721 1268 758 διαφέρει
1285 732 1310 748 τι
1328 718 1478 757 ἐπιστήμηςς
1518 724 1613 747 ΘΕΑΙ.
1633 719 1669 747 Τὸ
1687 722 1779 754 ποῖον;
1822 725 1877 748 ΣΩ.

1080 761 1114 790 ‘H
1131 764 1221 799 σοφία.
1247 761 1262 797 ἢ
1281 774 1328 798 ουχ
1347 761 1412 799 ἅπερ
1431 760 1605 799 ἐπιστήμονες,
1623 773 1706 790 ταυτα
1724 762 1767 790 καὶ
1785 764 1877 799 σοφοί,-

1083 809 1177 833 ΘΕΑΙ.
1202 806 1234 832 Τι’
1252 816 1315 841 μηνς
1350 809 1405 831 ΣΩ.
1426 801 1529 832 Ταῦτὸν
1551 802 1602 841 (ι’ρα
1625 803 1750 856 ἐπιστήμη
1768 816 1811 832 και
1829 817 1876 833 σο-

1081 847 1142 882 φίας
1179 851 1272 874 ΘΕΑΙ.
1298 847 1361 873 Ναί.
1405 851 1460 873 ΣΩ.
1484 843 1560 874 Τοῦτ
1581 843 1645 874 avt&
1668 847 1754 874 τοίνυν
1776 847 1845 874 ἐστιν
1863 845 1878 874 ὃ

1084 887 1175 926 απορῶ
1199 889 1243 916 καὶ
1267 900 1298 916 ου
1323 886 1434 925 δύναμαι
1457 888 1545 924 λαβεῖι
1569 888 1662 938 ἱκανῶς
1667 900 1741 928 παρ
1771 889 1877 926 ἐμαυτῷ,

1083 929 1208 967 ἐπιστήμη
1231 929 1247 958 ὅ
1264 932 1289 958 τί
1304 941 1369 958 ποτε
1386 942 1506 968 τυγχανει
1524 928 1561 958 ὃν.
1590 928 1629 968 ἄρ’
1646 930 1692 958 οὐν
1710 929 1774 966 δὴ”
1759 935 1878 968 εχομεν*ι

1082 975 1163 1011 λέγειν
1181 971 1258 1005 avw'5
1276 974 1302 1000 τί
1317 974 1396 1008 φατέ,·
1414 973 1452 1003 τίς
1469 971 1502 1000 ἂν
1517 970 1588 1009 ἡμῶν
1605 973 1708 1010 πρῶτος
1721 975 1803 1006 εἴποις
1822 971 1836 1001 ὃ
1853 973 1879 1001 δὲ

1083 1013 1217 1052 ἁμαρτών,
1235 1015 1279 1042 καὶ
1297 1013 1327 1046 ὃς
1344 1013 1376 1042 ἂν
1394 1012 1434 1043 οἰεὶ
1452 1013 1600 1052 ἁμαρτάνῃ,
1618 1015 1779 1047 καθεδεῖται,
1797 1013 1879 1052 ὥςπερ

1081 1057 1165 1093 φασὶν
1182 1057 1209 1085 οἱ
1226 1057 1317 1088 παῖδες
1335 1057 1361 1085 οἱ
1379 1058 1563 1094 σφαιρίζοντες,
1582 1055 1653 1088 ὄνος·
1673 1055 1703 1087 ὂς
1717 1054 1742 1084 δ’
1760 1055 1791 1085 ἄν
1804 1068 1877 1095 περι-

1081 1102 1185 1137 γένηται
1203 1097 1395 1136 ἀναμάρτητος,
1419 1097 1565 1135 βασιλεύσει
1586 1097 1657 1136 ἡμῶν
1673 1099 1717 1127 καὶ
1735 1098 1847 1131 ἐπιτάξει
1864 1098 1880 1127 ὅ

1082 1154 1107 1169 τι
1126 1140 1157 1169 ἇι
1176 1141 1298 1178 βουληται
1317 1139 1520 1191 ἀποκρίνεσθαι.
1564 1143 1597 1169 Τί
1612 1140 1716 1179 σιγᾶτε,·
1735 1139 1766 1169 οὗ
1780 1143 1806 1169 τί
1818 1153 1878 1174 που,

1082 1184 1102 1211 ὦ
1121 1182 1251 1221 Θεόδωρε,
1280 1182 1329 1222 ἐγὼ
1345 1181 1398 1212 ὑπὸ
1420 1185 1572 1222 φιλολογίας
1593 1181 1783 1222 ἆγροικίζομαι,
1810 1195 1878 1222 προ-

1082 1224 1250 1263 θυμούμενος
1270 1224 1337 1263 ἡμᾶς
1357 1226 1467 1261 ποιῆσαι
1490 1227 1660 1264 διαλέγεσθαι
1681 1226 1726 1253 καὶ
1746 1227 1836 1262 φίλους
1852 1237 1879 1254 τε

1082 1281 1126 1296 και
1142 1267 1322 1317 προςηγόρους
1340 1266 1457 1303 αλλήλοις
1473 1270 1628 1321 γίγνεσθαι,·
1648 1273 1728 1296 ΘΕ.Ο
1749 1274 1753 1289 ¹
1768 1266 1879 1297 Ἢκιστα

1080 1313 1138 1348 μέν,
1157 1311 1177 1338 ὦ
1195 1309 1343 1348 Σωκρατες,
1362 1309 1392 1338 τὸ
1410 1310 1532 1340 τοιοῦτον
1549 1309 1582 1338 ἂν
1599 1313 1637 1346 εἴη
1656 1308 1791 1348 ἄγροικον,
1815 1308 1879 1338 ἀλλὰ

1082 1353 1133 1381 τῶν
1152 1354 1290 1390 μειρακίων
1310 1364 1335 1380 τι
1356 1355 1439 1381 κέλευέ
1460 1365 1504 1382 σοι
1527 1351 1728 1390 ἀποκρίνεσθαι.
1760 1352 1808 1403 ἐγὼ
1833 1355 1880 1390 μὲν

1081 1394 1133 1433 γὰρ
1152 1393 1240 1430 ἀήθης
1256 1394 1300 1430 τῆς
1321 1406 1442 1430 τοιαυτης
1463 1396 1606 1427 διαλέκτου,
1629 1395 1673 1422 καὶ
1691 1392 1748 1423 οἷδ’
1766 1407 1799 1423 αυ
1817 1407 1877 1423 συν-

1081 1439 1225 1469 εθίζεσθαι
1242 1435 1365 1472 ήλικίαν’
1358 1438 1416 1473 ἔχω·
1445 1438 1528 1469 τοῖςδε
1550 1438 1577 1465 δὲ
1594 1439 1689 1475 πρέποι
1706 1449 1734 1466 τε
1752 1435 1784 1466 ἄν
1800 1438 1878 1466 τοῦτο

1081 1492 1125 1507 και
1142 1478 1210 1507 πολὺ
1227 1481 1318 1507 πλεῖοι
1336 1480 1483 1507 ἐπιδιδοῖεν·
1510 1479 1546 1516 τῷ
1560 1478 1614 1539 γὰρ
1633 1477 1689 1508 ο’ντι
1705 1477 1721 1515 ἦ
1739 1478 1828 1515 νεότης
1844 1479 1880 1511 εἷς

1081 1521 1136 1549 πᾶν
1154 1522 1296 1550 ε’πίδοσιν’
1288 1523 1345 1556 ἔχει
1374 1519 1436 1554 ἆλλ,
1455 1520 1538 1559 ω’ςπερ
1555 1520 1636 1559 ήρξω,
1657 1521 1692 1559 μὴ
1716 1519 1810 1563 ἆφίεσο
1832 1522 1880 1550 τοῦ

1084 1563 1232 1599 Θεαιτήτου,
1252 1561 1305 1591 ἄλλ’
1323 1562 1412 1605 ἔρωτα.
1452 1569 1506 1591 ΣΩ.
1524 1562 1636 1595 Ἄκουεις
1654 1562 1692 1599 δή,
1710 1575 1730 1592 ω
1750 1565 1879 1614 Θεαίτητε,

1083 1605 1101 1634 ἃ
1118 1609 1184 1645 λέγει
1203 1605 1346 1655 Θεόδωρος,
1365 1607 1385 1643 ᾠ
1404 1604 1530 1639 ἀπιστεῖν,
1549 1604 1584 1638 ῶς
1602 1605 1651 1644 ἐγὼ
1670 1604 1750 1644 οἶμαι,
1769 1617 1828 1634 ουτε
1847 1619 1880 1635 συ

1084 1647 1253 1684 Ιέθελήσεις,
1277 1660 1336 1677 ουτε
1360 1650 1437 1686 θέμις
1457 1660 1516 1686 περι
1534 1661 1566 1676 τα
1584 1649 1693 1677 τοιαῦτα
1712 1646 1786 1686 ἇνδρὶ
1804 1649 1880 1702 σοφῷ

1083 1690 1244 1719 ἐπιτάττοντι
1266 1702 1391 1728 νεωτερον
1413 1689 1542 1719 απειθεῖι.
1571 1688 1624 1719 ἀλλ’
1644 1685 1673 1719 εὖ
1694 1703 1738 1718 και
1757 1692 1880 1729 γενναίως

1081 1733 1147 1761 εἶπέ·
1167 1735 1191 1761 τί
1209 1745 1252 1761 σοι
1271 1733 1342 1761 δοκεῖ
1358 1737 1422 1761 εἰναι
1441 1732 1578 1770 ἐπιστήμη,-
1619 1738 1713 1761 ΘΕΑΙ.
1730 1732 1805 1761 Λλλὰ
1820 1731 1878 1771 χρή,

1082 1788 1102 1803 ω
1123 1774 1272 1813 Σώκρατες,
1298 1774 1432 1813 ἐπειδήπερ
1455 1774 1527 1812 υμεῖς
1549 1773 1668 1804 κελεύετε.
1695 1773 1799 1807 πάντως
1818 1787 1878 1814 γαρ,

1082 1816 1115 1846 ἄν
1137 1830 1161 1846 τι
1183 1830 1226 1846 και
1252 1815 1371 1855 ἇμοῖρτω,
1396 1816 1608 1859 ἐπανορθώσετε.
1651 1823 1693 1845 1v.
1719 1816 1880 1846 >2211on

1080 1862 1127 1898 μὲν
1145 1860 1199 1893 οὖν,
1219 1858 1251 1888 οἷν
1268 1862 1316 1897 πέρ
1332 1872 1363 1898 γε
1381 1861 1434 1888 οἱοί
1449 1872 1476 1888 τε
1494 1860 1568 1897 ὠμει.
1613 1864 1707 1888 ΘΕΑΙ.
1727 1862 1807 1888 Δοκεῖ
1822 1861 1877 1888 τοί-

1082 1914 1126 1931 ιυν
1146 1914 1192 1940 μοι
1213 1914 1256 1930 και
1279 1901 1296 1929 ἅ
1313 1902 1386 1955 παρὰ
1406 1901 1574 1940 Θεοδωρου
1563 1901 1595 1930 οἶν
1612 1913 1650 1933 τις
1664 1900 1755 1939 μοῖθοι
1772 1901 1877 1938 ἐπισ-ιῆ-

1080 1957 1127 1985 μαι
1145 1956 1218 1977 ειναι,
1235 1946 1377 1983 γεωμετρία
1395 1957 1421 1972 τε
1439 1945 1483 1973 καὶ
1502 1955 1533 1976 ας
1549 1945 1594 1973 νῦν
1612 1943 1642 1980 δὴ
1658 1943 1691 1972 σὺ
1707 1945 1821 1980 διῆλθες,
1836 1956 1877 1972 και

1083 1999 1115 2015 av
1134 1985 1305 2024 σκυτοτομική
1322 1998 1349 2015 τε
1367 1999 1411 2015 και
1430 1993 1434 2007 ¹
1454 1987 1482 2015 αἱ
1498 1987 1550 2015 τῶν
1565 1984 1648 2014 α’λλων
1662 1986 1823 2025 δημιουργῶν
1837 1989 1877 2015 τέ-

1079 2041 1151 2065 χναι,
1178 2030 1266 2057 πᾶσαί
1285 2041 1312 2057 τε
1333 2041 1378 2057 και
1399 2028 1495 2065 ἑκαστη
1516 2028 1627 2062 τούτων,
1655 2026 1702 2057 οὐκ
1729 2026 1792 2057 ἄλλο
1818 2041 1843 2057 τι
1863 2027 1879 2064 ἦ

1082 2070 1207 2109 ἐπιστήμη
1225 2069 1297 2099 εἶναι.
1341 2076 1396 2099 ΣΩ.
1415 2073 1543 2103 Γενιαίως
1558 2083 1588 2110 γε
1610 2083 1654 2099 και
1674 2069 1835 2108 φιλοδιόρως,
1858 2065 1879 2098 ῶ

1081 2115 1152 2150 φίλε,
1186 2114 1211 2142 ἓν
1237 2113 1357 2149 αἰτηθεὶς
1382 2113 1466 2142 πολλὰ
1494 2114 1582 2146 δίδως,
1614 2113 1658 2141 καὶ
1683 2114 1787 2141 ποικίλα
1814 2111 1877 2141 ανθ

1083 2155 1174 2184 ἁπλοῦ.
1219 2160 1313 2184 ΘΕΑΙ.
1336 2156 1400 2187 Πῶς
1422 2158 1447 2184 τί
1467 2156 1546 2184 τοῦτο
1568 2157 1660 2194 λέγεις,
1686 2167 1707 2183 ω
1728 2153 1877 2193 Σωκρατες,·

1082 2203 1137 2226 ΣΩ.
1155 2197 1231 2229 Ἰσως
1249 2200 1297 2235 μὲν
1319 2196 1403 2226 οὐδέν·
1433 2197 1448 2227 ὃ
1468 2201 1558 2248 μέντοι.
1578 2195 1662 2236 οἶμαι,
1684 2196 1787 2235 φράσω.
1815 2196 1878 2226 ο’ταν

1080 2243 1154 2279 λε’γης
1173 2239 1303 2275 σκυτικήι,
1320 2252 1355 2278 μη
1373 2253 1398 2268 τι
1416 2239 1478 2269 ἄλλο
1496 2239 1600 2278 φραζεις
1617 2239 1633 2276 ἢ
1652 2238 1792 2276 ἐπιστήμην
1808 2238 1876 2268 Ιὑπο-

1081 2281 1200 2320 δηματων
1218 2284 1353 2321 ἐργασιάςς
1379 2287 1473 2311 ΘΕΑΙ.
1494 2281 1580 2311 Ουδέν.
1624 2287 1680 2310 ΣΩ.
1699 2283 1732 2310 Tl
1747 2280 1772 2309 ὃ
1791 2287 1795 2302 ¹
1814 2280 1879 2310 ο’ταν

1081 2323 1238 2360 τεκτονικήν;
1263 2323 1300 2362 μή
1321 2337 1345 2353 τι
1368 2323 1430 2353 ἄλλο
1452 2324 1468 2361 ἢ
1487 2323 1628 2362 ἐπιστήμην
1645 2324 1689 2360 τῆς
1706 2324 1757 2352 τῶν
1774 2325 1878 2356 ξυλίνων

1081 2367 1178 2396 σκευῶν
1196 2369 1330 2409 ἐργασίας,
1375 2372 1469 2395 ΘΕΑΙ.
1490 2366 1555 2396 Οὐδὲ
1572 2367 1659 2396 τοῦτο
1702 2371 1758 2394 ΣΩ.
1779 2364 1878 2395 Οὐκοῦν

1081 2413 1107 2438 ἐν
1122 2407 1228 2447 ἀμφοῖν,
1245 2410 1275 2437 οὑ
1291 2411 1398 2447 ἑκατέρα
1414 2408 1548 2447 ἐπιστήμη,
1564 2409 1641 2437 τοῦτο
1649 2407 1759 2450 ὄρίζειςς
1782 2413 1876 2437 ΘΕΑΙ.

1081 2453 1145 2480 Ναί.
1189 2457 1244 2479 ΣΩ
1267 2451 1304 2479 Τὸ
1332 2452 1359 2480 δέ
1383 2464 1413 2505 γε
1436 2453 1612 2489 ἐπερωτηθὲν,
1640 2451 1660 2479 ὦ
1683 2451 1817 2486 Θεαίτητε,
1845 2448 1876 2479 οὗ

1079 2494 1157 2522 τοῦτο
1179 2494 1221 2529 ἠν,
1244 2495 1318 2522 τίνων
1338 2491 1354 2529 ἦ
1377 2493 1516 2531 ἐπιστήμη,
1541 2492 1601 2522 ουδὲ
1624 2491 1724 2521 οπόσαι
1747 2495 1819 2524 τινές.
1846 2490 1876 2521 οὗ

1078 2535 1129 2574 γὰρ
1150 2534 1298 2574 ἀριθμῆσαι
1317 2534 1397 2568 αὐτὰς
1412 2535 1563 2574 βουλόμενοι
1577 2533 1709 2573 ἠρόμεθα,
1729 2532 1793 2563 ἀλλὰ
1807 2547 1874 2573 γνω-

1079 2591 1121 2607 7αι
1143 2577 1283 2628 ἐπιστήμην
1305 2576 1370 2606 αυτὸ
1394 2578 1410 2607 ὅ
1433 2580 1459 2607 τί
1480 2575 1538 2607 ποτ’
1560 2579 1636 2606 ἐστίν.
1661 2575 1677 2613 ἢ
1700 2575 1775 2605 οὐδὲν
1797 2579 1874 2616 λε’γω;

1079 2626 1173 2649 ΘΕΑΙ.
1191 2619 1270 2649 Πανυ
1289 2622 1336 2657 μὲν
1354 2622 1400 2649 οὖν
1418 2619 1516 2659 ὀρθῶς.
1560 2625 1615 2648 ΣΩ.
1634 2624 1646 2638 *
1663 2621 1767 2657 Σκέψαι
1785 2618 1815 2655 δὴ
1832 2619 1875 2647 καὶ

1078 2662 1145 2692 τόδε.
1173 2665 1250 2694 εἴτις
1267 2661 1334 2700 ἡμᾶς
1351 2663 1402 2691 τῶν
1418 2662 1525 2699 φαύλων
1542 2674 1566 2690 τι
1583 2662 1627 2690 καὶ
1643 2663 1788 2700 προχείρων
1806 2662 1872 2699 ἔροι-

1079 2717 1121 2738 το,
1141 2703 1197 2734 οἷον
1214 2706 1273 2743 περὶ
1290 2706 1386 2740 πηλοῦ,
1406 2704 1422 2733 ὅ
1439 2706 1465 2734 τί
1479 2702 1537 2733 ποτ’
1555 2705 1632 2737 ἐστίν,
1649 2704 1672 2732 εἷ
1690 2702 1872 2742 ἀποκριναίμε-
