1998 3084
665 175 725 201 DE
767 175 1022 202 LEGIBUS
1062 176 1267 204 LlB.V1!.

128 256 132 269 ³
141 253 187 286 ξὺν
204 253 355 282 ταπεινώσει
374 255 542 303 μιμουμένην,
565 266 608 282 και
626 253 672 286 τὰς
688 253 795 287 ταύταις
813 257 936 288 ἐναντίας,

141 295 188 327 τὰς
213 296 256 324 ἐπὶ
280 295 313 324 τὰ
341 294 466 334 δραστικὰ
491 298 635 348 φερομένας
661 297 694 325 αὖ
721 296 840 334 σχήματα
863 298 889 325 ἔν
909 309 936 325 τε

141 341 198 370 ταῖς
215 337 266 367 τῶν
281 337 364 370 τόξων
382 338 471 374 βολαῖς
491 338 535 365 καὶ
558 336 681 367 ἀκοντίων
699 351 742 366 και
759 338 853 368 πασῶν
870 341 934 374 πλη-

140 380 193 419 γῶν
208 379 341 418 μιμήματα
360 378 539 416 ἐπιχειρούσας
551 384 701 417 μιμεῖσθαι,
720 380 751 410 τό
766 393 793 409 τε
807 379 896 419 ὀρθὸν
911 385 937 409 ἐν

100 431 114 448 Β
141 421 243 453 τούτοις
263 434 308 450 και
328 421 358 449 τὸ
381 433 498 453 svw1017,
522 422 572 450 τῶν
591 420 704 460 ἀγαθῶν
723 435 850 461 σωματων
869 429 873 443 ¹
892 423 936 451 καὶ

139 463 229 502 ψυχῶν
247 462 348 492 ὁπόταν
363 465 481 501 γίγνηται
497 465 596 501 μίμημα
615 463 766 502 εὐθυφερὲς,
786 476 819 496 ως
836 464 866 493 τὸ
882 477 933 493 πο-

140 506 169 534 λὺ
186 505 238 534 τῶν
254 505 302 534 τοῦ
320 516 441 542 σωματος
457 506 547 542 μελῶν,
565 505 724 558 γιγνόμειον,
742 506 830 545 ὀρθὸν
842 510 890 544 μὲν
904 506 933 535 τὸ

140 548 266 580 τοιοῦτον,
285 547 314 575 τὸ
334 548 361 575 δὲ
378 546 480 578 τούτοις
498 546 649 577 1013177a111'ov
667 547 713 577 οὐκ
732 548 821 586 ὀρθὸν
836 547 932 577 ἀποδε-

137 589 254 643 χόμενον.
280 589 326 624 τὴν
343 590 370 618 δὲ
387 589 512 627 εἰρηνικὴν
531 588 636 627 ὄρχησιν
655 589 710 628 τῆδ
732 592 765 619 αὐ
786 593 936 639 θεωρητέον

138 631 264 664 ἑκάστων,
286 634 336 659 εἴτε
354 630 446 669 ὀρθῶς
462 634 511 659 εἴτε
532 632 567 669 μὴ
588 632 654 660 κατὰ
676 645 755 669 φυσιν
771 644 809 664 τις
825 633 869 668 τῆς
885 645 932 660 κα-

138 674 182 709 λῆς
207 671 338 710 ὀρχήσεως
360 672 611 710 ἀντιλαμβανόμενος
633 677 658 702 ἐν
677 676 792 712 χορείαις
817 674 932 712 πρεπόν-

137 726 187 747 τως
203 713 318 752 εὖνόμων
336 713 434 753 ἀνδρῶν
452 716 566 744 διατελεῖ.
594 716 638 751 τὴν
656 718 741 745 τοίνυν
759 715 932 753 ἇμφιςβητου-

137 759 213 794 μένην
235 755 342 795 ὄρχησιν
364 758 402 785 δεῖ
412 757 526 798 -πρῶτον
545 759 624 796 χωρὶς
645 759 689 794 τῆς
711 757 934 795 αναμφιςβητήτου

138 801 271 836 διατεμεῖν.
300 805 304 820 ¹
332 801 369 830 τίς
391 800 437 827 οὖν
459 798 535 834 αὕτη,
561 801 604 827 καὶ
625 800 662 837 πῇ
685 801 723 828 δεῖ
742 801 820 837 χωρὶς
837 802 934 837 τέμνειν

137 843 271 878 ἑκατέρως
299 841 350 876 ὅση
370 843 417 878 μὲν
439 841 544 877 βακχεία
566 840 586 869 τἶ
607 843 661 870 ἐστὶ
687 843 730 869 καὶ
756 843 806 870 τῶν
826 840 934 872 ταύταις

110 894 112 896 ’
137 885 279 920 ἑπομένων,
308 881 339 914 ἃς
362 882 478 920 Νύμφας
503 895 529 911 τε
555 884 599 911 καὶ
620 883 714 915 Πᾶνας
735 885 778 912 καὶ
795 883 934 919 Σειληνοὺς

137 925 181 953 καὶ
196 924 332 962 Σατυρους
350 924 563 961 ἐπονομάζοντες,
587 924 620 956 ω’ς
637 937 711 961 φασι,
728 925 866 963 μιμοῦνται
884 937 931 953 κα-

109 971 112 1006 j
136 969 306 1004 τῳνωμένους,
324 966 551 1015 περικαθαρμούς
558 978 585 994 τε
599 968 643 994 καὶ
657 966 759 998 τελετιὶς
775 978 847 998 τινας
862 965 931 994 ἇπο-

136 1008 284 1041 τελούντων,
307 1007 409 1045 ξύμπαν
425 1008 503 1036 τοῦτο
521 1008 566 1044 τῆς
583 1006 712 1045 ὀρχήσεως
730 1009 759 1037 τὸ
777 1011 851 1047 γένος
869 1006 930 1036 οὔθ

136 1049 170 1082 ὦς
186 1049 312 1088 εἰρηνικὸν
336 1048 398 1078 οὐθ’
417 1048 452 1081 ὦς
472 1049 611 1086 πολεμικὸν
629 1048 691 1078 ουθ’
712 1050 727 1078 ὅ
745 1052 770 1078 τί
786 1062 849 1078 ποτε
869 1048 930 1086 βού-

107 1110 109 1115 -
136 1095 206 1120 λεται
223 1091 312 1130 ῥᾴδιον
331 1089 532 1128 ἀφορίσασθαι
551 1092 725 1143 διορίσασθαι
741 1091 791 1129 μήν
807 1104 852 1129 μοι
868 1104 930 1119 ταυ-

92 1141 110 1160 1)
136 1146 168 1172 τῃ
186 1135 256 1162 δοκεῖ
274 1132 367 1168 σχεδὸν
390 1131 543 1170 ὀρθότατον
570 1139 574 1153 ¹
603 1131 666 1161 αὐτὸ
689 1145 766 1166 ειναι,
791 1134 870 1171 χωρις
885 1136 932 1170 μὲν

116 1175 287 1213 πολεμικοῦ,
312 1176 405 1223 χωρὶς,υ
413 1175 440 1202 δὲ
461 1175 588 1212 εἰρηνικοῦ
610 1178 708 1225 θέντας
728 1176 809 1204 εἰπεῖν
830 1174 865 1206 ὡς
886 1173 932 1203 οὐκ

93 1212 95 1215 ¹
96 1227 133 1266 7
138 1220 192 1247 ἔστι
209 1216 342 1246 πολιτικὸν
358 1216 436 1245 τοῦτο
455 1217 499 1252 τῆς
517 1215 647 1254 ὀρχήσεως
664 1217 693 1245 τὸ
711 1220 793 1256 γένος,
813 1217 931 1245 ἐνταῦθα

114 1261 164 1289 δὲ
184 1261 298 1297 κείμενον
317 1258 446 1290 ἐασαντας
470 1262 579 1287 κεῖσθαι
603 1259 648 1287 νῦν
670 1260 711 1287 ἐπι
735 1259 766 1288 τὸ
791 1258 932 1297 πολεμικὸν

137 1301 190 1339 α’μα
211 1302 255 1330 καὶ
275 1300 411 1339 εἰρηνικόν,
439 1299 473 1332 ὥς
495 1299 720 1338 ἇναμφιςβητητως
744 1300 866 1339 ἡμέτερον
892 1300 930 1334 ὅν,

137 1346 271 1372 ἐπανιέναι.
316 1343 353 1371 Τὸ
372 1343 402 1378 δὴ
419 1342 463 1378 τῆς
481 1341 613 1396 ἀπολέμου
630 1343 756 1378 Μούσης,
776 1347 801 1371 ἐν
820 1342 928 1381 ὀρχήσε-

136 1398 174 1436 σι,
180 1387 208 1414 δὲ
228 1396 289 1417 τους
309 1397 337 1413 τε
358 1384 442 1416 θεοὺς
462 1386 506 1413 καὶ
526 1384 588 1416 τοὺς
608 1385 659 1413 τῶν
680 1385 753 1413 θεῶν
778 1386 875 1417 παῖδας
892 1397 928 1413 τι-

134 1440 200 1466 μων,
228 1428 253 1456 ἓν
277 1430 323 1464 μέν
349 1426 452 1464 ξτ’μπαν
476 1425 582 1465 γίγνοιτ’
603 1426 634 1455 ἄν
654 1429 729 1466 γὲιος
751 1431 776 1455 ἓν
799 1426 862 1465 δόξη
884 1426 931 1476 τοῦ

108 1439 114 1499 Ι
134 1481 256 1521 πραττειν
277 1470 304 1497 εὖ
325 1481 488 1507 γιγιομενον,
508 1469 586 1498 τοῦτο
609 1471 635 1498 δὲ
657 1469 714 1507 διχῇ
732 1470 873 1507 διαιροῖμεν
891 1468 930 1501 ἄν,

136 1524 166 1541 το
190 1518 194 1532 ¹
215 1514 263 1549 μὲν
285 1515 310 1539 ἐκ
331 1510 421 1539 πόνων
441 1512 516 1539 τινῶν
538 1510 619 1540 αυτοῦ
640 1512 685 1539 και
699 1512 821 1540 κινδιινων
839 1513 929 1539 διαπε-

135 1553 268 1592 φευγότων
284 1553 320 1584 εἷς
342 1551 450 1591 ἆγαθοῖ,
472 1555 572 1590 μείζους
589 1553 683 1589 ἡδονὰς
701 1555 771 1589 ἕχον,
791 1553 820 1582 τὸ
840 1555 868 1582 δὲ
882 1553 932 1581 τῶν

137 1598 290 1634 ἔμπροσθεν
305 1593 419 1633 ἀγαθῶν
434 1597 562 1632 σωτηρίας
577 1594 656 1631 οὔσης
671 1597 713 1623 καὶ
730 1595 848 1631 ἐπαύξης,
860 1608 929 1633 πρα-

137 1640 227 1676 οτέρας
243 1637 289 1669 τὰς
306 1636 401 1673 ἡδονὰς
422 1640 572 1674 κεκτημένον
595 1639 700 1665 ἐκείνων.
729 1641 754 1666 ἐν
776 1639 803 1666 δὲ
826 1637 855 1673 δὴ
877 1641 932 1669 τοῖς

136 1679 265 1711 τοιούτοις
281 1691 335 1708 που
351 1679 404 1711 πᾶς
422 1678 567 1717 ἅνθρωπος
584 1679 631 1711 τὰς
647 1679 756 1715 κινήσεις
774 1680 821 1708 τοῦ
839 1679 928 1717 σῶμα-

137 1733 181 1754 τος
195 1721 316 1760 μειζόνων
331 1724 379 1759 μὲν
400 1721 450 1750 τῶν
471 1720 570 1756 ἡδονῶν
592 1720 678 1750 οὐσῶν
698 1724 805 1759 μείζους,
825 1721 929 1749 ἐλαττό-

137 1776 185 1793 νων
203 1765 229 1792 δὲ
245 1763 365 1795 ἐλάττους
379 1767 492 1796 κινεῖται,
511 1765 554 1791 καὶ
569 1763 743 1802 κοσμιώτερος
755 1767 803 1801 μὲν
817 1763 852 1792 ὧν
866 1763 933 1801 πρός

137 1819 163 1835 τε
181 1804 300 1843 ἆνδρείαν
315 1805 414 1843 μᾶλλον
430 1808 639 1844 γεγυμνασμένος
657 1810 669 1823 ¹¹
688 1805 808 1837 ἐλάττους
824 1801 863 1837 αὖ,
880 1807 930 1833 δει-

136 1848 179 1879 λὸς
200 1849 227 1876 δὲ
248 1849 292 1875 καὶ
314 1846 480 1886 ἀγύμναστος
504 1847 617 1885 γεγονώς
642 1847 709 1885 πρὸς
730 1847 760 1876 τὸ
788 1851 933 1885 σωφρονεῖν

134 1891 234 1928 μείζους
250 1891 293 1917 καὶ
312 1891 490 1927 σφοδροτέρας
512 1892 652 1927 παρέχεται
668 1889 815 1926 μεταβολὰς
832 1889 876 1925 τῆς
893 1902 930 1917 κι-

135 1931 241 1968 νήσεως·
270 1931 335 1963 ὅλως
357 1933 384 1959 δὲ
405 1930 600 1980 φθεγγόμενος,
628 1930 671 1959 εἴτ’
697 1935 722 1959 ἓν
744 1930 821 1968 ᾠδαῖς
843 1929 886 1959 εἴτ’
907 1935 933 1959 ἐν

114 2008 117 2009 ⁷
135 1973 233 2013 λόγοις,
255 1972 364 2010 ἡσυχίαν
386 1971 418 2002 οὗ
438 1972 507 2000 πάνυ
525 1973 633 2005 δυνατὸς
650 1986 686 2010 τῳ
704 1973 804 2010 σόιιατι
820 1976 930 2011 παρέχε-

137 2019 206 2045 σθαι
226 2016 284 2047 mig.
312 2015 350 2044 διὸ
372 2017 477 2065 μίμησις
497 2015 548 2043 τῶν
565 2018 706 2053 λεγομέτων
725 2015 839 2052 σχήμασι
854 2027 930 2054 γενο-

135 2060 197 2096 μένη
213 2057 259 2093 τὴν
276 2055 430 2095 ορχηστικὴν
448 2056 617 2095 ἐξειργάσατο
637 2060 724 2093 τέχνην
742 2058 888 2095 ξτμπασαν.
917 2070 930 2085 ο

134 2102 181 2138 μὲν
202 2112 248 2128 ουν
271 2099 381 2137 εμμελῶς
403 2098 485 2136 ἡμῶν,
514 2098 527 2127 ὁ
551 2100 577 2127 δὲ
601 2099 753 2137 πλημμελῶς
779 2103 805 2127 ἐν
830 2098 933 2130 τούτοις

135 2141 202 2170 πᾶσι
223 2145 335 2170 κινεῖται
361 2141 445 2169 πολλὰ
466 2144 513 2191 μὲν
535 2141 565 2176 δὴ
587 2143 673 2170 τοίνυν
695 2140 758 2169 α’λλα
781 2140 841 2178 ἡμῖν
857 2141 908 2169 τῶν
927 2147 930 2162 ¹

136 2183 252 2212 παλαιῶν
270 2181 406 2221 ονομάτων
423 2181 457 2214 ὦς
477 2178 507 2211 εὖ
527 2196 570 2211 και
592 2183 658 2211 κατὰ
680 2183 758 2220 φύσιν
776 2185 876 2221 κείμενα
895 2184 933 2210 δεῖ

113 2243 117 2268 ν.
137 2225 321 2264 διανοουμενον
342 2229 466 2275 επαινειῖν,
493 2237 592 2253 τουτων
614 2224 669 2253 δέ
657 2236 681 2251 εν
701 2227 743 2253 καὶ
762 2226 791 2253 τὸ
810 2237 869 2263 περι
886 2224 933 2256 τὰς

137 2266 255 2306 ὀρχήσεις
275 2279 321 2299 τας
346 2267 397 2296 τῶν
418 2268 447 2295 εὐ
467 2266 646 2304 πραττόντων,
674 2266 754 2296 όντων
776 2269 803 2295 δὲ
823 2269 932 2304 μετρίων

137 2308 220 2338 αὐτῶν
236 2309 303 2347 πρὸς
319 2309 366 2341 τὰς
382 2308 488 2359 ἦδοναῖς,
514 2308 547 2340 ῶς
565 2308 656 2359 ὀρθῶς
672 2309 724 2346 α’μα
743 2322 785 2337 και
802 2309 932 2346 μουσικῶς

136 2350 271 2388 ὠνόμασεν
288 2350 354 2383 ὅςτις
370 2363 422 2380 ποτ
445 2352 483 2386 η’ν,
501 2352 544 2379 καὶ
561 2363 628 2379 κατα
646 2351 725 2390 λόγον
744 2350 834 2382 αὐταῖς
851 2354 928 2388 θέμε-

136 2405 180 2425 νος
201 2405 285 2431 ονομα
307 2392 455 2431 ξυμπασαις
477 2395 607 2430 ἐμμελείας
628 2393 793 2431 ἐπωνόμασε,
820 2394 864 2421 καῖ
885 2393 931 2421 δύο

138 2435 168 2471 δὴ
184 2435 236 2464 τῶν
253 2433 384 2473 ὀρχήσεων
402 2434 452 2463 τῶν
469 2435 554 2462 καλῶν
568 2436 621 2470 εἴδη
636 2435 824 2470 κατεστήσατο,
841 2435 870 2463 τὸ
885 2438 932 2472 μέν

137 2477 276 2515 πολεμικὸν
291 2479 424 2516 πυῤῥίχην,
448 2476 479 2506 τὸ
498 2478 525 2504 δὲ
542 2477 668 2514 εἰρηνικὸν
687 2480 824 2514 ἐμμέλειαν,
843 2479 929 2505 ἑκατέ-

136 2531 172 2557 ρῳ
193 2518 223 2547 τὸ
241 2521 342 2557 πρέπον
363 2531 390 2547 τε
411 2520 455 2547 καὶ
480 2517 610 2556 ἁρμόττον
628 2520 730 2550 ἐπιθεὶς
749 2518 840 2557 ὄνομα.
867 2518 884 2546 δι’
903 2519 932 2553 δὴ

95 2566 112 2586 0
137 2562 176 2589 δεῖ
196 2567 200 2582 ¹
223 2560 270 2589 τὸν
290 2563 337 2598 μὲν
358 2563 507 2598 νομοθέτην
529 2563 683 2599 ἐξηγεῖσθαι
709 2560 811 2594 τύποις,
838 2561 884 2589 τὸν
906 2562 933 2589 δὲ

137 2601 305 2640 νομοφύλακα
328 2605 408 2638 ζητεῖν
428 2614 456 2630 τε
477 2603 521 2630 καῖ
543 2601 785 2640 ἀνερευνησάμενον,
806 2602 872 2640 μετὰ
889 2603 933 2638 τῆς

86 2645 104 2682 '-
138 2643 214 2680 ἄλλης
236 2645 361 2681 μουσικῆς
385 2644 430 2679 τὴν
456 2643 563 2682 ὄρχησιν
590 2647 721 2673 συνθέντα
747 2645 790 2672 καὶ
811 2647 932 2682 νείμαντα

139 2687 181 2714 ἐπὶ
197 2685 286 2717 πείσας
304 2685 395 2724 ἑορτὰς
412 2686 463 2714 τῶν
481 2688 584 2714 θυσιῶν
606 2686 702 2724 ἑκαστῃ
724 2687 754 2714 τὸ
772 2686 932 2724 πρόςφορον,

1739 179 1787 205 447

987 268 1055 284 ουτω
1073 255 1276 294 καθιερωσαντα
1299 254 1365 285 αὐτὰ
1386 256 1474 286 πάντα
1496 261 1522 286 ἐν
1540 255 1610 289 τάξει
1627 257 1675 286 τοῦ
1692 257 1785 286 λοιποῦ

985 298 1020 335 μη
1038 301 1114 326 κινεῖν
1129 299 1209 347 μηδὲν
1224 296 1288 335 μήτε
1306 296 1437 336 ορχήσεως
1455 299 1580 349 ἐχόμενον
1592 298 1655 337 μήτε
1671 297 1786 336 ὦδῆς,ἐν

987 343 1044 371 ταῖς
1061 338 1085 367 δ’
1106 339 1197 371 αυταῖς
1217 339 1323 375 ἡδοναῖς
1344 340 1462 373 ὦςαυτως
1483 342 1528 377 τὴν
1549 354 1628 391 αυτην
1649 340 1724 369 πόλιν
1741 342 1784 369 καὶ

986 383 1094 413 πολίτας
1112 381 1256 420 διαγοντας,
1276 381 1382 419 ομοίους
1398 390 1402 404 ¹
1419 384 1454 415 εἷς
1472 384 1578 424 δύναμιν
1588 382 1680 431 :31711153
1699 382 1742 418 ζῆν
1755 384 1784 411 εὖ

986 435 1013 452 τε
1031 436 1074 451 και
1092 422 1256 461 εὐδαιμόνως.
1299 430 1368 452 ΧΙΧ.
1389 425 1427 453 Τὰ
1441 428 1489 463 μὲν
1505 426 1550 454 οὐν
1565 425 1615 453 τῶν
1629 425 1714 453 καλῶν
1729 437 1780 454 σω-

984 464 1074 503 μάτων
1090 477 1132 493 και
1150 467 1273 504 γενναίων
1289 466 1380 503 ψυχῶν
1397 467 1433 499 εἷς
1450 467 1496 499 τὰς
1509 469 1622 505 χορείας,
1642 469 1699 498 οἵας
1714 470 1781 505 εἷ’ριΓ

986 520 1028 536 ται
1050 508 1103 535 δεῖν
1125 507 1205 539 αὐτας
1226 506 1302 540 εἶναι,
1330 509 1541 546 διαπεπέρανται·
1569 509 1601 537 τὰ
1624 511 1649 537 δέ
1672 510 1722 537 τῶν
1740 509 1780 536 αἶ-

986 549 1072 586 σχρῶν
1090 549 1217 586 σωμάτων
1234 551 1277 577 καὶ
1295 550 1473 588 διανοημάτων
1490 564 1533 578 και
1550 551 1601 579 τῶν
1623 552 1664 579 ἐπὶ
1686 551 1718 579 τὰ
1736 550 1784 579 τοῦ

984 594 1095 629 γελωτος
1108 590 1288 643 κωμῳδήματα
1310 596 1497 630 τετραμμένων,
1524 593 1590 621 κατὰ
1613 595 1678 625 λεξιν
1695 605 1722 621 τε
1740 593 1783 620 καὶ

986 632 1051 681 ᾠδὴν
1072 645 1116 660 και
1137 645 1203 660 κατα
1227 632 1334 671 ὄρχησιν
1354 636 1398 662 καὶ
1419 634 1485 662 κατὰ
1508 634 1540 663 τὰ
1563 634 1662 663 τούτων
1678 647 1784 663 παντων

983 674 1117 712 μιμήματα
1141 676 1350 712 κεκωμῳδημένα,
1375 674 1473 714 ἇναγκη
1493 679 1540 714 μὲν
1560 676 1722 704 θεάσασθαι
1740 677 1784 704 καὶ

984 718 1123 754 γνωρίζειν·
1143 715 1204 745 ἄνευ
1220 717 1271 755 γάρ
1289 720 1396 755 γελοίων
1413 718 1445 746 τὰ
1465 719 1596 746 σπουδαῖα
1619 719 1661 746 καὶ
1679 730 1784 746 παντων

984 758 1035 786 Τῶν
1054 764 1058 778 ¹
1077 760 1197 786 ἕνανῖίων
1214 771 1246 786 ΪΙΙ
1266 771 1366 787 fralust
1383 763 1484 796 μαθειν
1504 772 1550 796 μὲν
1573 773 1604 788 O'U
1613 759 1740 809 ,δυὶῃᾱῖόὶὕ
1759 772 1783 788 fib
1818 770 1825 786 ’ζ

982 802 1066 837 μέλλει
1084 811 1121 831 τις
1137 800 1264 838 φρόνιμος
1287 802 1412 852 ἔσεσθαι,
1435 805 1520 830 ποιεῖν
1544 803 1569 829 δὲ
1589 814 1634 830 ουκ
1654 801 1685 829 (ἲν
1703 803 1780 830 δυνα-

984 842 1030 870 τὸν
1052 840 1199 880 ἀμφότερα,
1227 845 1309 874 εἴτις
1331 844 1363 871 αὖ
1383 846 1466 881 μέλλει
1487 844 1531 871 καὶ
1557 843 1665 881 σμικρὸν
1692 842 1782 881 ἀρετῆς

982 886 1111 920 μεθέξειν,
1140 883 1203 911 αλλα
1231 882 1315 913 αὐτῶν
1341 886 1412 913 ἕνεκα
1435 897 1534 914 τουτων
1563 887 1606 913 καὶ
1634 898 1687 923 μαν
1684 885 1782 913 θανειν

985 924 1051 953 αὐτὰ
1070 926 1119 958 δεῖ,
1138 927 1184 954 τοῦ
1205 925 1241 963 μή
1257 939 1322 955 ποτε
1341 925 1370 955 δι’
1392 926 1500 965 α’γ-νοιαν
1518 927 1582 965 δρᾶν
1599 926 1613 962 ἢ
1632 930 1710 966 λέγειν
1729 927 1780 956 ὅσα

983 970 1072 1005 γελοῖα
1093 969 1172 1004 μηδὲν
1194 969 1263 1001 δέον,
1287 967 1388 1000 δουλοις
1410 971 1436 998 δὲ
1459 969 1491 997 τὰ
1513 969 1622 998 τοιαῦτα
1640 982 1684 997 και
1701 972 1782 1001 ξένοις

984 1011 1125 1046 ἐμμίσθοις
1149 1009 1317 1047 προςτάττειν
1341 1014 1495 1048 μιμεῖσθαι,
1527 1011 1643 1046 σπουδην
1670 1013 1696 1039 δὲ
1722 1013 1781 1049 περὶ

984 1049 1050 1078 αυτὰ
1068 1055 1132 1078 εἶναι
1149 1052 1276 1088 μηδέποτε
1293 1051 1353 1089 μηδ
1373 1051 1489 1087 ἡντινοῦν
1508 1054 1572 1090 μηδὲ
1592 1066 1649 1081 τινα
1669 1053 1779 1090 μανθα-

983 1104 1061 1120 νοντα
1081 1090 1146 1120 αὐτὰ
1167 1095 1310 1130 γίγνεσθαι
1331 1094 1446 1132 φανερὸν
1466 1095 1518 1123 τῶν
1539 1097 1693 1132 ἐλευθέρων,
1717 1094 1780 1132 μήτε

982 1137 1091 1172 γυναῖκα
1109 1133 1171 1171 μήτε
1191 1134 1280 1171 ανδρα,
1304 1135 1394 1164 καινὸν
1412 1137 1439 1164 δὲ
1458 1135 1498 1164 αεί
1515 1149 1537 1164 τι
1555 1149 1614 1189 περι
1632 1136 1698 1165 αὐτὰ
1716 1150 1778 1172 φαι-

983 1179 1082 1204 νεσθαι
1098 1175 1150 1204 τῶν
1165 1176 1324 1213 μιμημάτων
1344 1176 1396 1206 ὅσα
1409 1180 1457 1215 μὲν
1473 1190 1519 1206 ουν
1536 1179 1594 1215 περὶ
1611 1178 1710 1216 γέλωτα
1726 1183 1779 1206 ἐστι

982 1220 1101 1256 παίγνια,
1122 1217 1138 1245 α’
1157 1218 1186 1253 δὴ
1204 1220 1338 1256 κωμῳδίαν
1360 1223 1372 1237 *
1394 1219 1489 1251 πάντες
1510 1223 1628 1258 λέγομεν,
1656 1219 1723 1249 οὕτω
1744 1233 1779 1257 τῳ

982 1259 1051 1297 νόμῳ
1069 1272 1113 1287 και
1134 1258 1202 1297 λόγω
1225 1263 1337 1289 κείσθω“
1364 1262 1415 1290 τῶν
1433 1263 1459 1290 δὲ
1477 1263 1634 1295 σπουδαίων,
1653 1261 1687 1294 ω’ς
1703 1275 1779 1299 φασι,

981 1302 1032 1330 τῶν
1049 1314 1108 1351 περι
1126 1301 1301 1340 τραγῳδίαν
1288 1307 1347 1340 ημῖι
1364 1304 1486 1339 ποιητῶν,
1506 1317 1550 1332 εαν
1567 1307 1633 1332 ποτέ
1648 1315 1713 1336 τινες
1731 1317 1778 1333 αυ-

981 1343 1031 1372 τῶν
1043 1342 1110 1381 ἡμᾶς
1123 1343 1245 1376 ἐλθόντες
1245 1345 1488 1397 ἐπανερωτήσωσιν
1501 1345 1598 1375 ουτωσί
1610 1357 1674 1378 πως
1690 1342 1721 1374 Ω
1737 1349 1777 1378 ξέ-

980 1398 1029 1418 νοι,
1041 1385 1164 1438 πότερον
1174 1387 1303 1424 φοιτῶμεν
1316 1386 1376 1425 ’ὑμῖν
1390 1388 1426 1419 εἷς
1441 1387 1486 1423 τὴν
1500 1387 1575 1416 πόλιν
1589 1400 1615 1416 τε
1633 1389 1676 1416 καῖ
1691 1400 1780 1426 χωραν

981 1427 996 1463 ἢ
1012 1427 1060 1465 μής
1078 1428 1121 1456 καὶ
1139 1427 1185 1463 τὴν
1201 1431 1306 1464 ποίησιν
1322 1432 1438 1467 φέρωμεν
1455 1442 1482 1458 τε
1500 1431 1543 1458 καὶ
1561 1442 1674 1471 αγωμεν,
1693 1443 1707 1465 η
1725 1430 1780 1461 πῶς

980 1469 1040 1507 ὑμῖν
1055 1471 1171 1498 δέδοκται
1186 1471 1246 1508 περὶ
1258 1471 1290 1499 τὰ
1304 1472 1412 1500 τοιαῦτα
1427 1472 1503 1509 δρᾶν,·
1518 1489 1559 1493 -—
1573 1474 1598 1500 τί
1610 1485 1656 1500 ουν
1670 1471 1701 1499 ἂν
1713 1472 1781 1509 πρὸς

982 1512 1064 1540 ταῦτα
1092 1510 1184 1549 ορθῶς
1210 1512 1421 1551 ἀποκριναίμεθα
1448 1517 1504 1545 τοῖς
1530 1516 1615 1545 θείοις
1642 1513 1779 1573 ανδριὶσινς

983 1555 1039 1591 ἐμοι
1055 1556 1102 1591 μὲν
1118 1554 1170 1592 γὰρ
1188 1555 1259 1583 δοκεῖ
1274 1555 1344 1588 ταδε,
1360 1551 1427 1583 ῙΩ’
1410 1562 1545 1594 αριστοι,“
1564 1555 1653 1592 φάναι,
1669 1556 1720 1584 τῶν
1737 1558 1777 1587 ξέ-

982 1608 1039 1628 νων,
1058 1594 1129 1633 ἡμεῖς
1146 1599 1222 1634 ἐσμὲν
1239 1599 1384 1647 τραγῳδίας
1402 1596 1477 1626 αὐτοι
1494 1610 1600 1634 ποιηται
1618 1598 1684 1626 κατὰ
1701 1597 1777 1626 δύνα-

981 1650 1024 1675 μιν
1046 1650 1059 1666 ο
1083 1650 1107 1666 τι
1128 1641 1263 1674 καλλίστης
1285 1639 1338 1677 οἶμα
1360 1653 1404 1668 και
1426 1639 1541 1678 αρίστης
1564 1640 1640 1668 mitra
1659 1652 1705 1668 ουν
1721 1639 1780 1677 ἡμῖν

982 1679 997 1716 ἡ
1015 1682 1131 1708 πολιτεία
1149 1683 1283 1717 ξυνέστηκε
1302 1684 1408 1719 μίμησις
1429 1682 1477 1710 τοῦ
1498 1684 1635 1711 καλλίστου
1657 1683 1700 1710 καὶ
1722 1680 1778 1719 αρί-

983 1734 1048 1750 σ-του
1063 1722 1153 1758 βίου,
1145 1735 1158 1751 ο
1176 1722 1205 1757 δή
1219 1736 1305 1761 φαμεν
1320 1725 1392 1761 ἡμεῖς
1408 1736 1437 1775 γε
1456 1735 1536 1755 οντως
1553 1723 1617 1752 εἶναι
1636 1725 1780 1762 τραγιιιδίαν

983 1764 1027 1799 τὴν
1050 1762 1239 1800 αληθεστατην.
1256 1767 1378 1815 Ἰἰτοιηται
1392 1769 1438 1803 μὲν
1460 1778 1507 1794 ουν
1523 1764 1606 1804 ημεῖς,
1628 1778 1735 1802 ποιηται
1753 1767 1780 1794 δὲ

983 1819 1026 1834 και
1043 1804 1114 1843 ἡμεῖς
1135 1809 1211 1844 ἐσμὲν
1232 1807 1283 1835 τῶν
1310 1806 1405 1841 αὐτῶν,
1431 1807 1491 1845 ὑμῖν
1518 1807 1660 1844 ἀντίτεχνοί
1684 1820 1710 1836 τε
1737 1809 1780 1835 καὶ

984 1846 1173 1886 ἇιταγωνισται
1199 1850 1247 1878 τοῦ
1271 1852 1410 1878 καλλίστου
1436 1849 1579 1888 δραματος,
1608 1849 1623 1878 δ’
1646 1849 1675 1885 δὴ
1701 1849 1781 1887 νόμος

985 1888 1087 1925 ἀληθὴς
1111 1890 1193 1927 μόνος
1219 1889 1354 1920 αποτελεῑν
1379 1895 1501 1928 πέφυκεν,
1530 1892 1563 1924 ὡς
1588 1905 1603 1927 η
1629 1904 1684 1929 παρ
1710 1891 1780 1941 ημῶν

984 1933 1053 1960 ἐστιν
1071 1934 1146 1963 ἐλπίς.
1166 1939 1170 1953 ¹
1187 1933 1222 1970 μὴ
1239 1933 1268 1968 δη
1284 1933 1401 1969 δοξητε
1388 1934 1455 1982 ημᾶς
1469 1935 1561 1973 ῥαδίως
1574 1946 1604 1972 γε
1620 1945 1701 1965 ουτως
1714 1933 1780 1971 υμᾶς

983 1976 1049 2002 ποτὲ
1066 1986 1120 2011 παρ
1146 1973 1206 2012 ημῖν
1224 1975 1310 2004 ἐάσειν
1328 1987 1423 2011 σκηνας
1444 1988 1470 2004 τε
1488 1976 1620 2010 πήξαντας
1637 1989 1685 2004 κατ
1713 1988 1777 2014 αγο-

983 2015 1032 2053 ρὰν
1049 2016 1093 2043 καὶ
1109 2016 1283 2053 καλλιφώνους
1300 2016 1441 2055 υποκριτὰς
1458 2018 1680 2056 εἶςαγαγομὲνους,
1694 2020 1781 2055 μεῖζον

983 2060 1184 2096 φθεγγομένους
1200 2058 1271 2096 ἡμῶν
1277 2081 1283 2091 ,
1307 2062 1451 2097 επιτρέψειν
1467 2058 1527 2096 ’ὑμῖν
1545 2061 1624 2098 δημηγ
1629 2072 1698 2098 ορειν
1714 2060 1781 2098 πρὸς

982 2099 1079 2131 παῖδας
1096 2111 1122 2127 τε
1140 2101 1184 2128 καὶ
1199 2105 1324 2139 γυναῖκας
1340 2102 1383 2129 καὶ
1400 2101 1446 2130 τὸν
1459 2114 1547 2130 παντα
1563 2101 1648 2137 οχλον,
1666 2102 1717 2130 τῶν
1732 2115 1779 2130 αυ-

982 2141 1033 2170 τῶν
1059 2144 1181 2180 λέγοιτας
1206 2142 1410 2180 ἐπιτηδευματων
1435 2146 1531 2196 πέριμ
1513 2143 1548 2181 μὴ
1570 2143 1602 2172 τὰ
1626 2142 1691 2172 αυτὰ
1715 2143 1780 2182 α’περ

982 2182 1060 2220 ημεῖς,
1081 2183 1132 2211 ἆλλ
1152 2195 1187 2215 ως
1204 2185 1233 2213 τὸ
1252 2185 1319 2213 πολὺ
1338 2198 1381 2213 και
1399 2187 1500 2214 ἐναντία
1522 2186 1555 2214 τὰ
1576 2188 1698 2214 πλεῖστα·
1718 2198 1778 2222 σχε-

983 2225 1029 2254 δὸν
1053 2225 1105 2263 γάρ
1131 2238 1173 2254 τοι
1198 2239 1246 2255 καν
1271 2229 1433 2276 μαινοίμεθα
1460 2230 1549 2259 τελέως
1570 2234 1574 2248 ¹
1598 2227 1669 2265 ἧμεῖς
1689 2240 1716 2256 τε
1738 2241 1782 2256 και

983 2267 1077 2296 ἁπασα
1095 2267 1110 2303 ἡ
1128 2267 1214 2301 πόλις,
1237 2268 1291 2304 ἥτις
1309 2281 1355 2298 ουν
1375 2268 1435 2307 ὑμῖν
1457 2272 1588 2307 ἐπιτρέποι
1606 2270 1670 2308 δρᾶν
1686 2269 1719 2299 τὰ
1737 2283 1782 2319 νυν
1809 2268 1811 2271 ’

982 2308 1115 2347 λεγόμενα,
1133 2311 1194 2347 πρὶν
1212 2314 1296 2348 κρῖναι
1312 2323 1360 2343 τας
1377 2310 1466 2363 ἇρχας,
1485 2315 1534 2340 εἶτε
1552 2311 1616 2351 ῥητὰ
1634 2325 1678 2340 και
1694 2311 1779 2347 ἐπιτη-

983 2352 1038 2379 δεια
1056 2351 1213 2387 πεποιήκατε
1231 2355 1312 2391 λέγειν
1328 2353 1365 2385 εἷς
1382 2354 1411 2382 τὸ
1429 2356 1511 2391 μέσον
1528 2357 1578 2382 εἴτε
1594 2353 1636 2391 μή.
1664 2366 1708 2382 νυν
1726 2366 1779 2386 ουν,

983 2406 1003 2421 ω
1020 2394 1111 2425 παῖδες
1126 2394 1249 2431 μαλακῶν
1266 2395 1388 2424 Μουσῶν
1406 2397 1517 2434 ἔκγονοι,
1541 2397 1669 2428 ἐπιδειξαν
1670 2407 1710 2427 τες
1726 2400 1782 2427 τοῖς

984 2434 1093 2472 α’ρχουσι
1115 2437 1219 2488 πρῶτον
1239 2437 1286 2468 τὰς
1306 2437 1430 2475 ’ἱμετὲρας
1451 2438 1523 2476 παρὰ
1542 2438 1588 2470 τὰς
1603 2437 1727 2488 ημετέρας
1745 2450 1779 2465 ω-

983 2476 1040 2509 δας,
1064 2490 1095 2506 αν
1115 2481 1162 2515 μέν
1183 2477 1216 2507 τὰ
1239 2477 1306 2507 αὖτα
1326 2492 1356 2518 γε
1376 2479 1392 2516 ἢ
1413 2492 1457 2508 και
1475 2482 1563 2517 βελτίω
1580 2493 1612 2508 τα
1631 2492 1684 2517 παρ
1710 2479 1781 2517 ὑμῶν

982 2520 1104 2555 φαίνηται
1121 2519 1258 2569 λεγόμενα,
1282 2520 1430 2559 δωσομεν
1415 2535 1475 2560 υμιν
1491 2521 1605 2571 25090'2‘2„
1606 2523 1629 2549 εἰ
1647 2523 1674 2549 δὲ
1690 2521 1737 2558 μή,
1760 2523 1780 2550 ὦ

982 2563 1060 2597 φίλοι,
1080 2575 1126 2590 ουκ
1146 2575 1178 2589 αν
1194 2575 1258 2591 ποτε
1277 2564 1455 2601 δυναίμεθα·
1476 2563 1552 2592 Ταῦτ
1573 2576 1620 2592 ουν
1638 2565 1703 2591 ἔστω
1722 2576 1781 2601 περι

983 2603 1074 2631 πᾶσαν
1089 2606 1195 2641 χορείαν
1213 2605 1256 2633 καὶ
1271 2605 1394 2643 μαθησιν
1412 2605 1510 2634 τούτων
1527 2609 1585 2642 πέρι
1607 2609 1778 2644 συντεταγμέ-

984 2657 1015 2672 να
1033 2645 1122 2682 νόμοις
1141 2647 1200 2682 ἔθη,
1216 2648 1295 2685 χωρὶς
1310 2650 1357 2684 μὲν
1375 2647 1407 2675 τὰ
1426 2649 1476 2676 τῶν
1492 2647 1596 2679 δουλων,
1613 2649 1691 2684 χωρῖς
1706 2649 1732 2675 δὲ
1747 2648 1780 2676 τὰ

984 2686 1036 2714 τῶν
1053 2688 1194 2721 δεσποτῶν,
1213 2689 1236 2717 εἶ
1254 2690 1375 2721 ξυνδοκεῖ.
1420 2694 1473 2717 ΚΑ,
1492 2689 1556 2720 Πῶς
1574 2688 1597 2715 δ’
1616 2688 1646 2717 οὗ
1665 2691 1782 2720 ξυνδοκεῖ
