1998 3084
42 959 66 1005 »1

614 163 671 187 DE
717 162 1048 188 REPUBLICA

132 247 217 274 τοίνυν
243 242 373 282 λογισμῶν
398 254 425 270 τε
450 242 494 269 καὶ
518 241 678 279 γεωμετριῶν
703 242 746 269 καὶ
770 240 857 277 πάσης
882 241 926 277 τῆς

131 287 313 337 προπαιδείας,
336 285 365 320 ην
387 285 430 319 τῆς
452 283 605 318 διαλεκτικῆς
627 285 665 312 δεῖ
689 283 924 332 προπαιδευθῆναι,

131 329 223 357 παισὶν
241 340 301 357 ουσι
304 326 365 376 μ’χρὴ
379 324 540 363 προβάλλειν,
560 337 608 361 ουχ
622 325 656 357 ὡς
672 325 813 364 ἐπάναγκες
825 329 926 376 μαῖθεῖν

132 371 161 399 τὸ
182 371 267 407 σχῆμα
286 369 329 405 τῆς
347 368 449 403 διδαχῆς
465 370 641 404 ποιουμένους.
671 370 703 396 Τί
719 368 761 404 δὴ;
776 368 836 401 Ὅτι,
854 369 884 403 ἠν
900 365 924 395 δ’

89 421 106 439 Ε
133 412 190 451 ἐγώ,
211 411 284 441 οὐδὲν
297 410 412 462 μάθημα
432 416 435 430 ¹
453 409 519 446 μετὰ
535 410 650 441 δουλείας
664 410 710 438 τὸν
725 409 865 456 ἐλεύθερον
877 409 926 447 χρὴ

132 454 285 493 μανθάνειν.
313 454 339 481 οἶ
358 455 406 490 μὲν
426 451 478 490 γὰρ
499 451 547 480 τοῦ
569 464 690 489 σωματος
711 464 788 481 πονοι
811 453 853 489 βίᾳ
874 464 924 480 πο-

133 496 251 534 νούμειοι
271 499 359 532 χεῖρον
381 492 456 523 οὐδὲν
475 494 506 522 τὸ
529 494 604 531 σῶμα
631 493 831 532 ἀπεργάζονται,
857 505 927 532 ψυχῃ

134 541 161 567 δὲ
179 539 263 575 βίαιον
280 536 380 565 οὐδέν’
373 548 483 577 εμμονον
499 535 622 573 μάθημα.
665 537 770 572 Λληθῆ,
790 538 845 573 ἔφη.
880 537 929 571 Μὴ

133 583 219 609 τοίνυν
237 581 290 617 βίᾳ,
309 577 393 611 εἶπον,
413 590 433 606 ω
452 577 552 615 ἄριστε,
571 578 631 610 τοὺς
648 580 744 610 παῖδας
762 591 787 606 εν
804 583 858 610 τοῖς
874 591 926 616 μα-

73 631 107 649 537
134 622 254 664 θήμασιν
272 620 336 649 ἀλλὰ
350 623 490 653 παίζοντας
507 625 520 638 *
538 623 621 658 τρέφε,
641 633 681 648 ινα
699 622 743 648 καὶ
758 621 857 658 μᾶλλον
875 619 929 651 οιός

133 678 148 694 τ
171 665 201 702 ᾗς
217 663 342 701 καθορᾶν
359 660 397 711 ἐφ’
414 662 429 691 ὅ
448 663 556 694 ἕκαστος
572 665 690 699 πέφυκεν.
726 662 792 698 Ἔχει
810 662 824 692 ὅ
842 665 927 701 λέγεις,

135 708 194 757 ἔφη,
217 705 302 744 λόγον.
350 704 449 734 Ουκοῦν
464 705 641 742 μνημονεύεις,
659 706 690 741 ἠν
708 703 731 732 5²
749 704 809 743 ἐγώ,
829 704 869 733 ὅτι
886 717 929 732 και

134 760 170 781 εις
190 748 237 777 τὸν
256 747 372 785 πόλεμον
394 749 491 784 ἔφαμεν
507 758 568 779 τους
584 749 681 779 παῖδας
697 746 762 775 εἶναι
780 746 871 775 ἀκτέον
889 747 929 774 ἐπὶ

133 791 185 820 τῶν
202 802 287 819 ιππων
295 789 436 842 θεωρούς,
460 802 503 817 και
525 789 570 818 ἐάν
590 802 643 818 που
665 788 781 826 ἀσφαλες
796 790 825 827 ᾐ,
846 800 928 827 προς-

135 835 226 862 ακτέον
244 832 319 871 ἐγγὺς
335 845 378 860 και
394 834 518 871 γευστέον
536 833 656 869 αἵματος,
679 831 761 869 ω’ςπερ
783 831 844 862 τοὺς
866 830 927 860 σκύ-

134 878 225 909 λακας;
253 877 405 912 Μέμνημαι,
433 875 487 911 ἔφη.
530 872 570 902 Εν
586 874 654 902 πᾶσι
671 874 701 909 δὴ
718 873 831 907 τούτοις,
855 874 886 909 ἠν
904 870 927 900 5

135 917 197 957 ἐγώ,
219 921 274 948 τοῖς
294 928 322 945 τε
343 916 435 948 πόνοις
456 929 499 944 και
518 915 663 953 μαθήμασι
680 917 723 944 καὶ
740 915 834 953 φόβοις
852 915 881 946 ὁς
900 914 931 943 ἄν

133 963 331 1001 εντρεχέστατος
353 957 393 987 ἆει
414 960 547 995 φαίνηται,
571 958 607 989 εἷς
629 956 746 995 ἀριθμόν
767 971 823 986 τινα
846 962 928 996 ἐγκρι-

91 1009 106 1028 13
134 1005 200 1031 τέον
228 1008 231 1023 ¹
257 999 298 1029 Εν
315 1002 374 1033 τίνι,
398 1001 457 1053 ἔφη,
478 999 571 1036 ἡλικίας
596 998 697 1032 ‘livium
716 1001 747 1036 ἠν
764 998 787 1028 δ’
806 999 862 1038 ἐγώ,
881 1000 931 1027 τῶν

135 1043 281 1084 αναγκαίων
297 1044 455 1096 γυμνασίων
462 1044 605 1080 μεθίενται.
633 1044 710 1074 ουτος
725 1042 777 1080 γὰρ
796 1041 810 1070 ὁ
827 1041 930 1079 χρόνος,

135 1086 180 1116 ἐάν
196 1098 223 1115 τε
242 1085 288 1114 δύο
307 1084 353 1113 ἐαν
369 1097 396 1113 τε
413 1087 472 1122 τρία
491 1086 533 1137 ἔτη
549 1086 678 1133 γίγνηται,
698 1083 825 1115 ἀδύνατός
842 1096 866 1112 τι
884 1083 929 1111 0¹).-

133 1132 164 1158 λο
185 1128 291 1178 πρᾶξαι.
317 1127 396 1156 κόποι
414 1126 467 1177 γὰρ
488 1139 532 1154 και
548 1127 626 1155 ὕπνοι
641 1126 785 1164 μαθήμασι
802 1129 930 1163 πολέμιοι

134 1184 179 1200 και
196 1171 249 1208 ἅμα
266 1171 313 1208 μία
330 1182 374 1198 και
393 1169 456 1204 αὕτη
473 1169 524 1197 τῶν
542 1168 664 1206 βασάνων
681 1167 727 1197 οὐκ
746 1171 877 1204 ἐλαχίστη,
896 1170 932 1199 τίς

135 1215 245 1244 ἕκαστος
267 1216 293 1240 ἐν
310 1215 365 1243 τοῖς
381 1213 534 1260 γυμνασίοις
550 1215 677 1247 φανεῖται
720 1212 785 1243 Πῶς
801 1223 853 1264 γαρ
872 1210 931 1244 οῧκ;

136 1257 191 1307 ἔφη.
234 1254 313 1283 Μετὰ
332 1254 361 1290 δὴ
379 1254 473 1282 τοῦτον
489 1253 536 1282 τὸν
550 1252 654 1290 χρόνον,
673 1249 704 1289 ἧν
721 1252 744 1281 δ’
763 1252 819 1292 ἐγω,
839 1257 865 1282 ἐκ
882 1253 933 1281 τῶν

135 1297 282 1327 εἰκοσιετῶν
304 1298 331 1325 οἱ
351 1299 538 1334 προκριθέντες
559 1295 634 1333 τιμάς
655 1308 682 1324 τε
699 1298 798 1333 μείζους
816 1296 867 1324 τῶν
885 1294 930 1323 α’λ-

93 1348 109 1367 c
135 1344 185 1369 λων
207 1343 337 1372 οἴσονται,
360 1338 393 1367 τά
416 1350 442 1367 τε
462 1345 466 1359 ¹
483 1337 562 1374 χύδην
583 1337 731 1375 μαθήματα
749 1340 841 1367 παισὶν
859 1342 884 1366 ἐν
901 1338 932 1375 τῇ

135 1383 237 1418 παιδείᾳ
258 1381 385 1421 γενόμενα
407 1380 509 1412 τούτοις
535 1383 675 1409 συνακτέον
700 1381 736 1412 εἷς
752 1381 874 1430 σύνοψιν
892 1381 931 1409 οἶ-

135 1424 266 1461 κειότητος
288 1422 400 1459 ἀλλήλων
421 1423 472 1451 τῶν
488 1422 655 1460 μαθημάτων
672 1436 715 1451 και
733 1424 777 1459 τῆς
794 1423 840 1452 τοῦ
859 1422 934 1454 όντος

135 1467 244 1505 φύσεως.
287 1465 368 1501 Μόνη
388 1466 465 1504 γοῦν,
488 1478 569 1498 ειπεν,
594 1464 608 1501 ἢ
630 1478 735 1518 τοιαυτη
751 1465 873 1506 μάθησις
891 1466 931 1502 βέ-

137 1511 221 1548 βαιος,
245 1513 271 1538 ἐν
292 1520 331 1540 οις
353 1507 384 1536 ἆν
402 1510 539 1547 ἐγγένηται.
582 1509 638 1536 Και
657 1510 765 1546 μεγίστη
785 1520 828 1546 γε,
854 1508 885 1543 ἠν
908 1505 931 1535 5'

49 1551 194 1635 ‘mmfisoj’
220 1555 298 1601 πεῖρα
325 1551 479 1586 διαλεκτικῆς
505 1549 607 1586 φύσεως
632 1552 676 1578 καὶ
700 1550 746 1588 μή·
774 1563 788 1579 ο
815 1553 862 1588 μὲν
879 1549 934 1601 γὰρ

137 1593 292 1626 συνοπτικὸς
310 1592 476 1625 διαλεκτικός,
496 1605 510 1621 ο
529 1593 556 1620 δὲ
572 1592 607 1640 μὴ
626 1591 665 1621 ου’.
709 1594 856 1630 Ξυνοίομαι,
874 1593 890 1627 ἦ
908 1590 932 1619 5

137 1636 173 1669 ὅς.
218 1642 308 1665 Ταυτα
325 1637 422 1667 τοίνυν.
440 1636 471 1670 ἠν
489 1633 513 1662 5'
531 1634 588 1673 ἐγω,
608 1634 692 1670 δεήσει
710 1647 740 1663 σε
758 1634 932 1663 ἐπισκοποῦν-

92 1687 111 1706 D
136 1692 183 1714 τα,
203 1685 207 1700 ¹
226 1691 251 1708 οι
270 1677 302 1706 ἄν
317 1677 432 1716 μάλιστα
450 1678 565 1705 τοιοῦτοι
583 1681 609 1705 ἐν
627 1676 716 1709 αὐτοῖς
733 1678 781 1706 ὦσι
799 1678 842 1705 καί
858 1676 933 1714 μόνι-

136 1735 182 1761 μοι
196 1723 245 1760 μὲν
262 1724 288 1749 ἐν
303 1719 460 1758 μαθήμασι,
480 1719 586 1761 μόνιμοι
608 1718 631 1747 5
653 1723 679 1748 ἑν
700 1722 802 1757 πολέμῳ
820 1721 864 1748 καὶ
881 1723 936 1750 τοῖς

139 1763 225 1796 ἄλλοις
242 1765 365 1801 νομίμοις,
384 1761 492 1794 τούτους
510 1763 551 1794 αὖ,
571 1762 673 1790 ἐπειδὰν
690 1762 723 1790 τὰ
738 1761 876 1799 τριάκοντα
893 1763 935 1796 ἔτη

139 1807 300 1844 ἐκβαίνωσιν,
323 1809 348 1833 ἐκ
371 1805 421 1833 τῶν
443 1806 587 1842 προκρίτων
604 1804 809 1842 προκρινάμενον
826 1805 862 1836 εἷς
878 1806 933 1841 μεί-

139 1852 196 1882 ζους
212 1861 240 1877 τε
256 1847 332 1885 τιμὰς
348 1846 511 1875 καθιστάναι
528 1848 572 1875 καὶ
594 1851 713 1880 σκοπεῖν,
736 1847 767 1884 τῇ
785 1848 832 1875 τοῦ
851 1848 933 1874 διαλέ-

139 1895 240 1930 γεσθαι
257 1889 361 1927 δυνάμει
379 1890 558 1926 βασανίζοντα,
577 1891 614 1921 τίς
632 1888 755 1927 ὀμμάτων
772 1890 815 1917 καὶ
830 1889 873 1925 τῆς
889 1888 934 1916 ἆλ-

139 1937 183 1970 λης
209 1932 361 1968 αἰσθήσεως
388 1932 496 1963 δυνατὸς
520 1934 676 1969 μεθιέμενος
702 1930 739 1960 ἐπ’
766 1930 829 1960 αὐτὸ
852 1931 881 1959 τὸ
906 1930 937 1959 ὂν

139 1989 185 2014 μετ
213 1974 339 2010 ἀληθείας
361 1975 431 2003 ιέναι.
458 1987 502 2002 και
524 1974 642 2003 ἐνταῦθα
665 1974 700 2024 δη
711 1974 807 2010 πολλῆς
824 1973 938 2010 φυλακῆς

142 2020 224 2069 ἐ’ρζον,
243 2030 263 2046 ω
280 2019 372 2055 ἑταῖρε.
417 2019 448 2044 Τί
463 2016 590 2054 μάλιστα;
608 2017 623 2051 ἠ
642 2015 666 2044 5
684 2016 719 2048 ὅς.
766 2014 817 2045 Οὐκ
836 2019 936 2048 ἐννοεῖς,

98 2068 117 2087 Ε
144 2067 148 2082 ¹
167 2062 197 2095 ἠν
214 2058 237 2088 5'
256 2058 312 2098 ἐγω,
331 2059 361 2087 τὸ
380 2059 425 2087 νῦν
442 2060 501 2097 περὶ
518 2059 548 2087 τὸ
568 2060 739 2097 διαλέγεσθαι
753 2058 833 2087 κακὸν
847 2058 936 2097 γιγνό-

141 2115 218 2141 μενον
240 2102 305 2131 ὅσον
329 2103 455 2140 γίγνεταις
484 2101 521 2129 Τὸ
547 2104 639 2134 ποῖον;
667 2102 721 2137 ἔφη.
765 2102 939 2138 Παρανομίας

142 2157 203 2179 που,
222 2147 284 2181 ἔφην
291 2143 359 2194 ἱἐγω,
379 2146 556 2181 ἐμπίπλανται.
599 2144 656 2172 Καὶ
671 2143 779 2181 μαλα,’
770 2156 826 2193 εφη.
867 2148 937 2171 Θαυ-

142 2187 244 2225 μαστὸν
266 2199 312 2215 ουν
332 2199 357 2215 τι
378 2189 438 2219 οἴει,
465 2190 550 2219 εἶπον,
577 2185 688 2221 πάσχειν
711 2197 816 2227 αυτ-ους,
843 2198 886 2213 και
909 2183 939 2213 οὐ

145 2228 350 2269 ξυγγιγνωσκειςς
369 2229 414 2266 Πῇ
431 2228 558 2266 μάλιστα,·
577 2230 632 2264 ἔφη.
662 2232 731 2261 Οιον,
749 2229 780 2264 ἠν
798 2226 821 2255 δ
842 2227 899 2266 ἐγώ,
918 2230 943 2255 εἶ’

144 2283 182 2304 τις
205 2271 394 2309 ὑποβολιμαῖος
419 2272 526 2308 τραφείη
554 2274 579 2299 ἐν
604 2273 712 2302 πολλοῖς
741 2273 788 2308 μὲν
816 2269 939 2308 χρήμασι,

85 2322 119 2340 5³8
145 2314 231 2352 πολλῷ
249 2315 275 2342 δὲ
293 2326 336 2341 και
352 2312 454 2351 μεγάλῳ
472 2315 538 2360 γένει
555 2317 569 2331 *
583 2314 627 2341 καὶ
640 2312 729 2345 κόλαξι
744 2315 858 2345 πολλοῖς,
878 2311 941 2350 ἀνὴρ

147 2358 174 2385 δὲ
190 2355 327 2406 γενόμενος
345 2359 486 2388 αι’σθοιτο,
510 2356 550 2383 οτι
571 2367 602 2383 ου
624 2368 722 2383 τουτων
744 2356 798 2384 ἐστὶ
819 2355 870 2384 τῶν
886 2368 939 2391 φα-

148 2399 262 2428 σκόντων
278 2411 386 2437 γονεων,
409 2397 470 2429 τοὺς
488 2398 515 2425 δὲ
532 2398 567 2435 τῷ
586 2397 641 2425 ὄντι
657 2397 830 2436 γεννήσαντας
845 2397 881 2434 μὴ
898 2396 940 2425 εὕ-

148 2454 201 2480 ροι,
227 2441 321 2469 τοῦτον
347 2442 410 2476 ἔχεις
434 2439 651 2492 μαντεύσασθαι,
677 2440 733 2489 πῶς
756 2439 788 2468 ἂν
809 2441 942 2474 διατεθείη

147 2483 214 2521 πρός
234 2495 262 2511 τε
283 2483 344 2514 τοὺς
365 2481 477 2513 κόλακας
498 2483 542 2510 καὶ
562 2481 629 2520 πρὸς
649 2482 710 2514 τοὺς
731 2481 944 2535 ὑποβαλομένους

150 2530 176 2554 ἐν
193 2527 276 2562 ἐκείνῳ
293 2537 321 2553 τε
339 2525 373 2562 τῷ
388 2523 486 2566 χρόνῳ,
510 2526 529 2561 ᾡ
552 2522 597 2553 οὐκ
616 2523 670 2561 ᾗδει
688 2525 720 2552 τὰ
738 2537 797 2562 περι
815 2525 859 2560 τῆς
875 2536 942 2552 υπο-

151 2568 234 2605 βολῆς,
252 2568 295 2595 καὶ
313 2571 339 2595 ἐν
356 2569 376 2604 ᾡ
394 2568 426 2595 αὖ
444 2566 511 2604 ᾕδεις
540 2580 553 2602 η
573 2566 658 2602 βουλει
676 2567 738 2604 ἐμοῦ
753 2570 945 2604 μαντευομένου

151 2608 275 2642 ἇκοῦσαις
294 2595 472 2659 Βρύλομαι,’
464 2611 518 2659 ἔφη.
563 2608 735 2646 Μαντεύομαι
751 2611 845 2642 τοίνυν,
864 2621 944 2641 ειπον,

106 2659 125 2678 Β
150 2652 249 2690 μᾶλλον
271 2649 350 2679 αὐτὸν
370 2651 446 2689 τιμᾶν
469 2664 501 2679 αν
521 2651 567 2679 τὸν
584 2653 684 2689 πατέρα
702 2652 745 2680 καὶ
763 2651 807 2687 τὴν
827 2658 830 2672 ¹
848 2654 944 2689 μητέρα

151 2695 195 2723 καὶ
210 2693 272 2725 τοὺς
289 2692 381 2725 ἄλλους
398 2693 508 2724 οἰκείους
525 2693 666 2725 δοκοῦντας
681 2692 697 2728 ἢ
714 2693 776 2725 τοὺς
789 2693 943 2722 κολακεύον·

1095 162 1112 185 L
1137 162 1142 185 Ι
1166 161 1192 185 Β.
1235 160 1297 185 VH.
1723 155 1769 180 357

976 252 1030 272 τας,
1049 252 1091 267 και
1108 234 1186 274 ἧττον
1201 242 1248 276 μὲν
1267 251 1298 265 αι
1315 239 1437 275 περιιδεῖν
1452 238 1542 268 ἐνδεεῖς
1556 234 1632 268 τινός,
1651 230 1730 270 ἧττον
1745 235 1771 262 δὲ

975 281 1131 320 παρανομόν
1153 294 1176 309 τι
1198 281 1294 318 δράσαι
1314 280 1330 316 ἢ
1352 281 1433 308 ειπεῖν
1454 279 1490 310 εἰς
1512 289 1617 310 αυτους,
1644 279 1722 312 ὴττον
1745 278 1771 304 δὲ

977 323 1100 353 απειθεῖν
1118 323 1149 351 τὰ
1167 322 1267 362 μεγάλα
1286 325 1388 354 ἐκείνοις
1404 321 1418 357 ἢ
1434 325 1489 353 τοῖς
1503 319 1614 353 κόλαξιν,
1633 323 1659 348 ἐν
1674 321 1693 356 ῲ
1705 319 1769 356 χρο-

977 380 1011 404 νῳ
1032 366 1062 394 τὸ
1086 364 1185 401 αληθές
1204 365 1238 402 μὴ
1260 365 1343 400 εἰδείη.
1388 364 1475 396 Ε’κος,
1504 365 1558 399 ἔφη.
1601 361 1773 398 Αἰσθόμενος

977 411 1063 459 τοίνυν
1080 408 1109 436 τὸ
1129 407 1166 440 ὅν,
1184 420 1344 445 μαντευομαι
1362 419 1395 434 av
1412 407 1471 443 περὶ
1486 408 1533 443 μὲν
1550 416 1658 436 τουτους
1677 403 1773 431 ανεῖναι

979 450 1010 479 ἂν
1028 450 1057 479 τὸ
1077 450 1152 487 τιμᾶν
1170 462 1196 478 τε
1211 451 1255 477 καὶ
1273 448 1438 481 σπουδάζειν,
1460 449 1518 485 περὶ
1541 449 1567 476 δὲ
1585 447 1644 478 τοὺς
1662 445 1773 476 κόλακας

979 496 1112 524 ἐπιτεῖναι,
1143 493 1186 519 καὶ
1215 493 1368 520 πείθεσθαί
1392 503 1418 518 τε
1447 489 1534 521 αὐτοῖς
1561 488 1734 525 διαφερόντως
1758 486 1773 522 ἢ

979 535 1107 572 πρότερον
1126 540 1130 554 ¹
1149 546 1192 561 και
1209 534 1251 568 ζῆν
1270 532 1301 561 ἄν
1318 532 1364 568 ἠδη
1382 533 1437 560 κατ’
1454 534 1572 564 ἐκείνους,
1597 530 1705 563 ξυνόντα
1724 542 1771 558 αυ-

980 581 1034 608 τοῖς
1056 575 1292 613 ἆπαρακαλυπτως,
1314 574 1414 625 πατρὸς
1436 576 1461 602 δὲ
1485 576 1581 602 ἐκείνου
1598 575 1642 601 καὶ
1658 573 1709 601 τῶν
1728 571 1772 600 131¹).-

980 622 1029 647 λων
1046 620 1206 654 ποιουμένων
1223 618 1334 649 οἰκείων,
1357 617 1379 644 εἰ
1400 629 1434 652 μη
1457 615 1525 644 πάνυ
1546 619 1584 651 εἴη
1601 615 1678 652 φύσει
1697 619 1773 643 ἐπιει-

979 660 1034 696 κής,
1055 662 1138 697 μέλειν
1155 659 1184 688 τὸ
1202 661 1286 707 μηδεν.
1634 656 1643 667 ⁷

978 706 1087 742 γένοιτο.
1117 700 1181 729 αλλὰ
1202 702 1239 738 πῇ
1261 701 1328 739 πρὸς
1350 712 1410 732 τους
1432 700 1592 737 (κπτομέ-ιους
1618 700 1668 728 τῶν
1693 698 1776 737 λόγων

980 757 1044 780 αυτη
1060 747 1132 782 φέρει
1149 757 1164 778 η
1182 743 1267 777 εἴκων,·
1296 743 1369 780 Τῇδε.
1398 744 1451 770 ἐστι
1469 755 1521 770 που
1538 741 1597 778 ἡμῖν
1614 741 1732 780 δόγματα
1752 745 1776 768 ἐκ

980 788 1079 815 παίδων
1095 787 1155 824 περὶ
1173 787 1276 814 δικαίων
1293 787 1336 813 καὶ
1353 784 1448 817 καλῶν,
1472 788 1498 813 ἐν
1515 795 1553 815 οις
1571 783 1776 821 ἐκτεθραμμεθα

980 829 1062 867 ω’ςπερ
1076 827 1128 857 υπὸ
1143 828 1257 867 γονεῦσι,
1275 828 1481 865 πειθαρχοῦντές
1495 838 1522 854 τε
1537 827 1580 854 καὶ
1595 826 1714 863 τιμῶντες
1729 838 1775 852 αυ-

981 871 1021 900 τοῖ.
1061 870 1133 899 ΕσἼι
1153 870 1212 909 γάρ.

982 912 1168 951 ἐπιτηδευματα
1194 911 1289 948 ἡδονὰς
1315 913 1419 947 ἔχοντα,
1447 924 1463 939 α
1490 910 1621 939 κολακευει
1641 913 1687 947 μὲν
1708 908 1778 947 ἡμῶν

981 956 1026 991 τὴν
1046 956 1132 993 ψυχὴν
1153 956 1196 983 καὶ
1218 955 1281 982 ἕλκει
1303 953 1340 990 ἐφ’
1363 952 1437 986 αυτά,
1459 955 1549 981 πείθει
1568 951 1591 980 δ’
1609 950 1641 981 οὗ
1659 963 1719 983 τους
1735 953 1778 980 καὶ

982 998 1084 1035 ὁπῃοῦν
1108 999 1237 1035 μετρίους
1267 995 1318 1024 ἀλλ’
1345 1000 1427 1025 ἐκεῖνα
1449 996 1542 1033 τιμῶσι
1563 994 1596 1023 τὰ
1617 994 1717 1036 πάτρια
1736 995 1779 1022 καὶ

983 1042 1086 1071 ἐκείνοις
1102 1039 1302 1076 πειθαρχοῦσιν.
1342 1037 1413 1067 Ἔστι
1430 1039 1520 1066 ταῦτα.
1565 1039 1596 1065 Τι’
1618 1049 1675 1070 ουν;
1701 1037 1732 1072 ἦν
1754 1034 1777 1063 δ’

983 1082 1044 1121 ἐγω”
1065 1082 1129 1111 ὅταν
1145 1082 1192 1110 τὸν
1210 1080 1291 1112 οὕτως
1309 1082 1401 1116 ἔχοντα
1417 1080 1499 1108 ἐλθὸν
1514 1079 1630 1117 ἐρωτημα
1647 1080 1741 1116 ἔρηται,
1757 1080 1781 1106 τί

983 1129 1037 1154 ἐστι
1058 1124 1089 1153 τὸ
1112 1123 1203 1156 καλόν,
1230 1136 1274 1151 και
1296 1122 1502 1160 αποκριναμένου
1525 1121 1539 1150 ὅ
1561 1122 1608 1150 τοῦ
1630 1123 1781 1158 νομοθέτου

983 1167 1074 1204 Ιἤκουεν
1096 1169 1211 1204 ἐξελέγχῃ
1235 1164 1249 1194 6
1272 1165 1360 1204 λόγος,
1387 1166 1430 1193 καὶ
1451 1163 1572 1195 πολλάκις
1599 1165 1642 1191 καὶ
1663 1163 1781 1199 πολλαχῇ

984 1213 1091 1248 ἐλέγχων
1108 1209 1144 1240 εἶς
1161 1207 1242 1240 δόξαν
1259 1207 1401 1245 καταβάλῃ,
1420 1219 1454 1239 ως
1471 1207 1548 1235 τοῦτο
1569 1213 1573 1226 ¹
1593 1204 1667 1234 ουδὲ»
1684 1206 1782 1242 μᾶλλον

983 1253 1063 1281 καλὸν
1080 1251 1094 1287 ἢ
1114 1251 1234 1288 αισχρόν,
1258 1251 1302 1278 καὶ
1323 1262 1382 1287 περι
1400 1251 1499 1278 δικαίου
1517 1247 1636 1299 ὧςαύτως
1652 1249 1695 1275 καὶ
1713 1260 1779 1285 αγα-

1330 656 1423 691 Πανί,
1444 660 1502 694 ἔφη,
1521 661 1600 709 λέγεις
1617 659 1710 693 onim-9
1745 669 1776 684 αν

1259 868 1358 899 Ουκοῦν
1379 882 1422 897 και
1445 875 1448 890 ¹
1474 868 1537 896 ἄλλα
1561 870 1661 896 ἐναντία
1680 867 1777 895 τούτων

984 1295 1040 1324 θοῦ
1058 1295 1102 1322 καὶ
1120 1293 1136 1322 ἆ
1153 1292 1267 1330 μαλιστα
1285 1294 1346 1331 ἦγεν
1365 1296 1390 1320 ἐν
1407 1292 1479 1329 τιμῇ,
1500 1290 1566 1329 μετὰ
1588 1290 1666 1319 τοῦτο
1690 1291 1714 1318 τί
1735 1293 1782 1318 οἲὲι

984 1336 1102 1373 ποιήσειν
1125 1334 1205 1364 αὐτὸν
1225 1334 1292 1373 πρὸς
1310 1333 1376 1363 αυτὰ
1394 1335 1466 1372 τιμῆς
1485 1346 1510 1362 τε
1528 1336 1586 1371 πέρι
1603 1346 1646 1361 και
1664 1336 1780 1370 πειθαρ-

982 1382 1053 1416 χίας;
1079 1378 1199 1429 Λνάγκη,
1223 1379 1282 1427 ἔφη,
1304 1377 1367 1428 μητε
1385 1377 1461 1414 τιμᾶν
1480 1378 1515 1405 έτι
1533 1375 1628 1413 ὁμοίως
1644 1374 1707 1412 μήτε
1724 1376 1780 1402 πεί-

986 1425 1100 1451 θεσθαι.
1140 1420 1217 1449 Ὀταν
1240 1421 1297 1453 οὖν,
1324 1420 1354 1454 ἢν
1372 1418 1395 1447 5'
1418 1418 1524 1458 ἐγώ,μ
1504 1418 1567 1456 μήτε
1589 1418 1671 1446 ταῦτα
1692 1416 1783 1456 ἡγῆται

985 1467 1055 1517 τίμια
1073 1464 1116 1492 καὶ
1134 1463 1224 1511 οἰκεῖα,
1243 1462 1326 1500 ὥςπερ
1343 1462 1395 1500 πρὸ
1413 1462 1468 1495 τοῦ,
1487 1460 1520 1489 τά
1538 1472 1565 1489 τε
1584 1459 1672 1496 ἀληθῆ
1688 1459 1723 1497 μὴ
1738 1458 1780 1487 εὖ-

986 1509 1069 1545 ρίσκη,
1090 1508 1145 1534 ἔστι
1161 1505 1228 1543 πρὸς
1246 1504 1341 1534 οποῖον
1359 1509 1372 1522 *
1390 1505 1447 1541 βίον
1465 1501 1575 1532 dmm*
1560 1516 1575 1538 η
1593 1502 1639 1531 τὸν
1657 1501 1779 1531 κολακευ-

987 1562 1050 1578 οντα
1067 1548 1172 1579 εικότως
1189 1546 1412 1585 προςχωρήσεταις
1434 1544 1485 1575 Οὐκ
1504 1547 1580 1578 ἔστιν,
1600 1547 1654 1581 ἔφη.
1684 1543 1782 1581 Παρά-

986 1602 1066 1629 νομος
1083 1589 1121 1627 δή,
1141 1588 1220 1627 οἶμαι,
1240 1589 1309 1621 δόξει
1325 1591 1460 1628 γεγονέναι
1478 1592 1503 1616 ἐκ
1522 1587 1636 1625 νομικοῧ.
1667 1585 1783 1624 Ανάγκη.

987 1640 1065 1662 XVII.
1086 1631 1194 1665 Οὖκοῦν,
1214 1633 1283 1685 ε’φην,
1302 1631 1371 1663 εικὸς
1387 1630 1417 1660 τὸ
1436 1629 1531 1661 παθος
1547 1630 1598 1658 τῶν
1617 1628 1683 1658 ου’τω
1702 1628 1785 1678 λόγων

988 1676 1150 1714 ἁπτομένων,
1181 1675 1226 1702 καὶ
1251 1673 1267 1703 ὃ
1294 1672 1352 1725 ι’ίρτι
1379 1675 1491 1722 ἕλεγον,”
1509 1673 1604 1708 πολλῆς
1635 1682 1785 1710 συγγνωμης

987 1718 1073 1752 diem,-
1091 1718 1147 1746 Καὶ
1165 1719 1235 1745 ἐλέου
1251 1730 1285 1755 γ,
1305 1717 1360 1753 ἔφη.
1406 1714 1529 1744 Ot'mosm‘
1524 1728 1566 1743 ινα
1582 1714 1617 1752 μὴ
1634 1716 1752 1753 γίγνηται
1770 1712 1784 1741 ὃ

988 1763 1057 1792 ἕλεος
1075 1761 1152 1791 οὗτος
1168 1760 1228 1797 περὶ
1245 1758 1307 1790 τοὺς
1320 1769 1522 1796 τριακοντουτας
1537 1769 1589 1790 σοι,
1608 1755 1785 1793 εὐλαβουμένῳ

986 1816 1063 1832 παντι
1078 1801 1170 1844 τρόπῳ
1187 1813 1238 1830 των
1255 1800 1340 1839 λόγων
1362 1799 1471 1834 ἇπτέον,·
1498 1801 1553 1828 Καὶ
1573 1797 1642 1837 μαλ,
1664 1799 1680 1834 ἡ
1703 1796 1726 1826 5
1749 1797 1785 1829 ὅς.

984 1842 1036 1884 Ἆρ’
1057 1857 1103 1874 ουν
1125 1842 1157 1873 οὗ
1176 1845 1223 1881 μία
1243 1846 1291 1880 μὲν
1311 1841 1432 1880 εὐλάβεια
1455 1841 1518 1878 αὕτη
1541 1840 1633 1892 συχνή,
1660 1840 1690 1869 τὸ
1720 1847 1723 1861 ¹
1751 1840 1785 1878 μὴ

986 1891 1059 1919 νέους
1081 1886 1158 1918 όνιας
1181 1885 1265 1915 αὐτῶν
1285 1885 1428 1924 γεύεσθαις
1455 1897 1528 1935 οιμαι
1544 1883 1596 1924 γάρ
1615 1896 1645 1912 σε
1664 1881 1695 1912 αὖ
1713 1885 1784 1930 λελη-

987 1933 1074 1963 θέναι,
1093 1929 1134 1958 ὅτι
1151 1930 1178 1958 οἱ
1193 1930 1363 1966 μειρακίσκοι,
1383 1927 1447 1957 ὅταν
1460 1927 1491 1956 τὸ
1506 1927 1613 1966 πρῶτον
1627 1925 1711 1965 λόγων
1724 1925 1785 1964 γευ-

989 1985 1075 2005 ωνται,
1093 1970 1128 2003 ὦς
1144 1971 1235 2008 παιδιᾷ
1254 1969 1343 2002 αυτοῖς
1360 1982 1552 2008 καταχρωνται,
1572 1968 1613 1998 αεὶ
1629 1969 1666 2000 εἶς
1684 1966 1785 1996 ἆντιλο-

987 2017 1048 2054 γίαν
1066 2025 1205 2052 χρωμενοι,
1227 2026 1271 2041 και
1290 2012 1443 2051 μιμούμενοι
1463 2012 1525 2044 τοὺς
1542 2014 1721 2050 ἐξελέγχοντας
1739 2022 1786 2038 αυ-

988 2059 1030 2086 τοὶ
1056 2056 1150 2088 ἄλλους
1175 2058 1319 2094 ἐλέγχουσι,
1343 2057 1478 2093 χαίροντες
1499 2053 1581 2104 ὥςπερ
1604 2052 1728 2083 σκυλακια
1752 2065 1781 2081 τι.

991 2101 1068 2128 ελκειν
1088 2111 1116 2127 τε
1137 2099 1181 2126 καὶ
1203 2097 1361 2140 σπαράττειν
1383 2097 1418 2135 τῷ
1440 2096 1507 2136 λόγῳ
1529 2096 1590 2128 τοὺς
1611 2097 1722 2132 πλησίον
1740 2093 1787 2123 ἆει.

987 2141 1140 2195 ιΥπερφυῶς
1155 2143 1202 2178 μὲν
1219 2141 1274 2173 οὐν,
1293 2141 1348 2177 ἔφη.
1373 2138 1473 2169 Οὐκοῦν
1491 2139 1555 2168 ὅταν
1572 2138 1602 2175 δὴ
1616 2138 1730 2169 πολλους
1741 2139 1789 2175 μέν

992 2183 1067 2213 αὐτοι
1089 2186 1235 2222 ἐλέγξωσιν,
1257 2181 1310 2211 {md
1332 2183 1436 2211 πολλῶν
1457 2183 1484 2211 δὲ
1506 2181 1660 2221 ἐλεγχθῶσι,
1684 2179 1789 2231 σφόδρα

991 2228 1034 2256 καὶ
1057 2233 1061 2248 ¹
1083 2225 1149 2261 ταχὺ
1172 2227 1342 2262 ἐμπίπτουσιν
1363 2225 1399 2256 εἰς
1419 2224 1450 2254 τὸ
1467 2225 1546 2278 μηδὲν
1561 2222 1690 2263 ἡγεῖσθαι
1705 2234 1788 2259 ωνπερ

991 2268 1131 2307 πρότερον·
1150 2269 1194 2296 καὶ
1212 2271 1238 2296 ἐκ
1256 2266 1355 2296 τούτων
1373 2267 1403 2302 δὴ
1422 2265 1499 2296 αὗτοί
1514 2279 1542 2295 τε
1559 2267 1604 2295 καὶ
1621 2265 1651 2294 τὸ
1669 2264 1730 2294 ὅλον
1744 2277 1788 2300 φι-

992 2313 1121 2348 λοσοφίας
1137 2313 1195 2348 πέρι
1213 2310 1249 2341 εἷς
1266 2309 1328 2341 τοὺς
1346 2309 1439 2341 ἄλλους
1456 2310 1641 2346 διαβέβληνται.
1679 2309 1788 2343 Λληθέ-

993 2367 1089 2387 στατα,
1113 2354 1168 2402 ἔφη.
1210 2351 1238 2381 ‘0
1256 2353 1283 2381 δὲ
1305 2352 1335 2388 δὴ
1356 2351 1543 2390 πρεσβύτερος,
1565 2352 1596 2387 ἠν
1618 2349 1641 2378 5
1665 2349 1725 2389 ἐγώ,
1748 2349 1791 2384 τῆς

991 2400 1039 2435 μὲν
1059 2395 1181 2430 τοιαύτης
1200 2397 1294 2432 μανιάς
1316 2393 1362 2423 οὗκ
1385 2408 1416 2423 αν
1438 2397 1528 2424 εθέλοι
1548 2396 1672 2431 μετέχειν,
1695 2391 1741 2420 τὸν
1764 2392 1789 2418 δὲ

994 2440 1165 2477 διαλέγεσθαι
1191 2440 1317 2466 ἐθέλοντα
1343 2450 1387 2465 και
1413 2440 1521 2466 σκοπεῖν
1548 2435 1663 2471 τάληθὲς
1693 2435 1791 2471 μᾶλλον

993 2480 1131 2519 μιμήσεται
1152 2479 1168 2516 ἢ
1189 2479 1235 2508 τὸν
1255 2481 1361 2511 παιδιᾶς
1380 2479 1457 2517 χάριν
1478 2481 1603 2511 παίζοντα
1625 2478 1669 2505 καὶ
1693 2476 1789 2504 αντιλέ-

994 2536 1088 2562 γοντα,
1111 2524 1154 2551 καὶ
1177 2520 1255 2554 αὖτός
1275 2534 1303 2550 τε
1323 2522 1492 2575 μετριώτερος
1511 2528 1514 2542 ¹
1535 2522 1608 2549 ἔσται
1625 2521 1668 2548 καὶ
1686 2519 1715 2547 τὸ
1735 2522 1789 2546 ἐπι-

995 2565 1106 2603 τήδευμα
1124 2576 1272 2602 τιμιωτερον
1291 2563 1348 2593 αντὶ
1366 2563 1519 2602 ατιμοτέρου
1536 2574 1646 2611 ποιησει.
1681 2560 1790 2598 Ορθῶς,

997 2610 1050 2657 ἔφη.
1090 2606 1188 2636 Οὐκοῦν
1205 2619 1249 2635 και
1265 2607 1299 2636 τὰ
1316 2609 1488 2645 προειρημένα
1506 2617 1601 2634 τουτου
1619 2602 1656 2632 ἐπ
1673 2601 1791 2639 εὐλαβεία

995 2649 1082 2678 πάντα
1104 2651 1266 2702 προείρηται,
1288 2648 1319 2678 τὸ
1342 2650 1390 2681 τὰς
1410 2648 1502 2686 φύσεις
1523 2649 1646 2685 κοσμίους
1668 2644 1733 2674 εἶναι
1749 2645 1793 2673 καὶ

997 2694 1141 2729 στασίμους
1162 2703 1200 2723 οις
1220 2703 1258 2723 τις
1277 2691 1422 2729 μεταδώσει
1443 2691 1494 2720 τῶν
1515 2689 1610 2729 λόγων,
1637 2689 1681 2717 καὶ
1702 2687 1737 2725 μὴ
1759 2685 1794 2719 ὡς

1808 1507 1843 1526 539
