1998 3084
258 161 289 182 {v
898 154 1246 182 PRAEFATIO.

258 247 449 293 scripserit,
479 259 568 292 quae
587 259 697 292 quum
716 245 907 293 legentium
926 246 1164 280 commoditati
1183 251 1300 281 essent
1318 251 1561 291 attemperata,
1588 251 1664 280 tum
1683 245 1787 280 etiam
1805 258 1894 279 mar-

258 314 368 360 supiis
401 314 558 360 ipsorum
590 313 707 347 minus
740 312 888 347 molesta
916 312 1113 347 acciderent
1142 318 1263 359 utpote
1292 324 1451 347 seorsum
1479 312 1619 347 venalia
1646 317 1751 358 atque
1784 324 1895 358 parvo

258 381 440 427 parabilia.
493 380 654 425 Denique
673 380 779 413 etiam
798 379 939 414 illorum
957 379 1154 414 rationibus
1172 379 1341 426 providit,
1370 379 1430 425 qui
1453 383 1593 413 tantum
1615 379 1771 426 singulos
1795 390 1896 424 quos-

259 447 340 481 dam
358 446 558 494 philosophi
577 446 685 480 libros
704 446 770 480 sibi
791 458 991 493 comparare
1009 447 1156 488 vellent,
1183 459 1255 481 non
1273 446 1402 481 multos
1421 451 1483 480 aut
1501 457 1621 480 omnes
1640 458 1711 480 una
1729 450 1895 480 coemere.

259 513 381 559 Itaque
414 525 472 547 eos
504 512 663 547 Platonis
695 512 868 560 dialogos,
906 525 1057 560 quorum
1089 513 1192 548 lectio
1225 518 1317 547 esset
1347 512 1580 559 frequentior,
1619 512 1724 547 etiam
1762 524 1897 559 separa-

259 581 323 614 tim
346 579 594 614 describendos
617 584 722 625 atque
745 579 897 615 edendos
920 580 1105 622 iudicavit,
1134 592 1204 625 quo
1230 580 1368 614 facilius
1390 580 1428 613 in
1449 591 1574 614 manus
1597 591 1718 614 eorum
1739 579 1898 626 perveni-

260 652 352 689 rent,
377 647 437 693 qui
456 647 520 681 hos
540 647 648 693 ipsos,
670 651 810 692 praeter
829 652 976 689 ceteros,
1001 647 1068 682 sibi
1087 651 1306 693 exoptarent.
1346 644 1519 689 Quocirca
1538 646 1718 681 verissime
1737 646 1899 682 videmur

260 714 436 748 affirmare
464 713 691 760 bibliopolam
717 713 1032 760 prudentissimum
1060 714 1181 760 utique
1208 714 1259 748 ita
1284 713 1480 748 instituisse
1509 713 1712 756 editionem,
1737 719 1776 748 ut
1796 712 1898 747 Plato

260 781 424 815 omnibus
457 792 532 815 sese
565 780 785 815 commodum
814 781 1078 826 officiosumque
1106 786 1285 827 praestare
1313 780 1508 823 videretur,
1538 780 1599 826 qui
1627 780 1900 815 familiaritatem

260 848 371 894 ipsius
401 847 519 893 aliqua
547 847 684 882 ratione
713 853 929 894 expeterent.
983 846 1104 894 Neque
1131 859 1216 883 vero
1242 852 1383 882 nostrae
1409 847 1475 881 hac
1497 847 1534 881 in
1556 859 1593 882 re
1616 847 1733 882 nullae
1755 848 1900 882 fuerunt

262 921 389 961 partes.
442 913 533 949 Nam
560 915 715 961 primum
743 914 899 960 quidem,
929 914 965 949 id
991 914 1086 960 quod
1112 914 1149 948 in
1176 914 1274 949 nullo
1301 914 1386 949 dum
1412 914 1570 949 Platonis
1598 915 1758 961 exemplo
1786 914 1901 949 adhuc

261 983 393 1016 factum
415 981 744 1024 animadvertimus,
776 994 836 1028 per
865 981 983 1016 omnia
1010 981 1260 1027 adscripsimus
1289 993 1454 1016 numeros
1483 981 1652 1028 capitum,
1681 993 1771 1027 quae
1793 981 1901 1029 vulgo

261 1049 441 1091 dicuntur,
471 1048 508 1082 in
531 1054 620 1094 quae
643 1048 841 1095 superiores
864 1048 1015 1083 editores
1038 1048 1296 1094 disputationes
1314 1047 1514 1083 Platonicas
1537 1048 1750 1083 divisissent.
1805 1047 1902 1092 Quae

262 1128 318 1150 res
336 1115 567 1162 multiplicem
587 1127 671 1150 sane
691 1115 879 1150 utilitatem
897 1115 1065 1150 habitura
1081 1115 1234 1150 videtur.
1287 1115 1377 1150 Nam
1400 1115 1450 1150 ita
1471 1128 1582 1161 quum
1600 1116 1637 1150 in
1655 1115 1784 1151 scholis
1803 1115 1902 1162 quasi

262 1182 453 1217 interstitia
471 1182 643 1229 quaedam
662 1182 874 1225 habeantur,
898 1182 942 1217 ad
960 1194 1111 1229 quarum
1130 1183 1284 1217 rationes
1303 1182 1463 1217 lectionis
1481 1182 1680 1230 progressio
1699 1188 1903 1230 attempere-

262 1255 335 1292 tur3
364 1255 441 1284 tum
460 1250 565 1284 etiam
584 1249 672 1284 illud
691 1262 731 1284 ea
748 1262 786 1284 re
805 1250 967 1284 effectum
986 1256 1048 1292 est,
1068 1255 1118 1293 ut,
1138 1250 1250 1284 sicubi
1269 1262 1358 1296 opus
1376 1250 1550 1292 videatur,
1570 1250 1615 1284 ad
1633 1250 1791 1298 singulos
1810 1250 1903 1285 locos

263 1317 504 1352 commentarii
546 1317 794 1363 interpret-um,
837 1316 1034 1360 Forsteri,
1073 1316 1270 1359 Fischeri,
1309 1316 1558 1360 Heindorfii,
1598 1317 1706 1352 Astii
1745 1322 1779 1352 et
1818 1329 1904 1352 vero

264 1384 371 1418 etiam
403 1384 529 1426 nostri,
563 1396 650 1430 quos
683 1383 791 1418 editio
825 1382 1011 1419 Gothana
1042 1384 1162 1427 habet,
1195 1384 1294 1419 nullo
1322 1385 1464 1432 negotio
1493 1384 1618 1431 inspici
1648 1389 1683 1419 et
1711 1384 1905 1431 comparari

263 1451 411 1497 possint.
466 1449 568 1494 Quod
591 1456 683 1485 certe
706 1464 778 1486 non
801 1451 1004 1486 dubitamus
1027 1452 1113 1497 quin
1136 1451 1299 1498 plurimis
1317 1457 1458 1499 gratum
1477 1456 1728 1498 acceptumque
1745 1452 1906 1486 futurum

268 1518 324 1552 sit.
361 1517 479 1564 Atque
498 1518 648 1552 similem
666 1518 711 1553 ob
731 1530 892 1553 caussam
904 1519 1010 1553 etiam
1022 1518 1223 1553 faciendum
1233 1519 1450 1566 putavimus,
1469 1524 1509 1554 ut
1520 1519 1730 1567 paginarum
1742 1518 1906 1554 editionis

264 1583 567 1632 Stephanianae
589 1585 692 1620 initia
714 1591 819 1633 atque
842 1591 1023 1635 segmenta
1045 1598 1152 1634 quam
1173 1586 1435 1621 accuratissime
1453 1586 1610 1634 quidem,
1638 1598 1704 1622 nec
1720 1591 1839 1621 tamen
1857 1586 1906 1620 di—

265 1652 376 1687 vulsis
395 1652 543 1701 integris
562 1653 744 1688 vocabulis
763 1659 982 1689 notarentur.
1018 1654 1108 1689 Nam
1127 1667 1237 1701 quum
1255 1655 1348 1689 inter
1366 1655 1462 1690 viros
1481 1654 1602 1690 doctos
1620 1666 1696 1689 mos
1714 1653 1907 1689 invaluerit

265 1732 458 1766 sanequam
482 1720 684 1763 laudabilis,
714 1726 767 1763 ut,
796 1721 909 1756 sicubi
929 1722 1038 1757 verba
1055 1722 1113 1757 vel
1131 1722 1327 1757 sententiae
1345 1721 1504 1757 Platonis
1522 1722 1717 1757 recitantur
1735 1721 1793 1757 vel
1810 1721 1906 1756 testi-

264 1787 374 1822 monii
402 1787 552 1822 faciendi
582 1799 706 1822 caussa
729 1789 940 1832 afferuntur,
970 1789 1006 1824 id
1027 1790 1099 1824 fere
1123 1789 1317 1824 secundum
1339 1789 1541 1836 exemplum
1562 1788 1682 1824 Henr.
1708 1787 1905 1836 Stephani

265 1855 340 1897 fiat,
369 1854 460 1888 nihil
485 1854 642 1901 profecto
664 1860 781 1901 potest
803 1855 848 1890 ad
875 1868 978 1890 usum
1006 1868 1081 1891 esse
1103 1856 1323 1903 exoptatius,
1350 1868 1456 1903 quam
1485 1862 1524 1891 ut
1553 1856 1717 1892 omnibus
1749 1856 1906 1890 numeris

263 1919 567 1968 Stephanianae
591 1921 756 1957 editionis
779 1935 842 1969 per
866 1924 985 1958 omnia
1006 1923 1158 1958 fideliter
1182 1923 1368 1970 adscriptis
1387 1924 1544 1958 locorum
1562 1923 1721 1959 Platonis
1741 1923 1798 1959 vel
1816 1923 1906 1958 indi—

263 1988 456 2023 candorum
474 1989 533 2023 vel
550 1988 839 2035 reperiendorum
857 1991 1006 2025 facultas
1025 1991 1107 2026 data
1125 1991 1181 2025 sit.
1235 1990 1382 2025 Accedit
1403 1991 1486 2034 huc,
1516 1991 1611 2037 quod
1633 1991 1739 2026 etiam
1758 2003 1819 2036 eae
1837 1990 1906 2025 edi-

262 2055 376 2090 tiones
396 2068 542 2102 operum
560 2055 839 2100 Platonicorum,
869 2070 959 2104 quae
979 2058 1135 2092 criticam
1155 2058 1407 2105 supellectilem
1430 2059 1725 2105 complectimtur,
1754 2058 1906 2093 Bekke-

262 2122 392 2165 riana,
422 2128 557 2165 nostra,
587 2123 689 2167 aliae,
720 2124 756 2158 in
785 2125 1004 2173 marginibus
1032 2125 1180 2173 paginas
1207 2123 1405 2172 Stephani
1428 2131 1567 2160 notatas
1590 2125 1731 2161 habent.
1784 2124 1907 2172 Itaque

264 2189 319 2224 his
352 2190 519 2236 inspectis
542 2195 648 2236 atque
673 2192 883 2238 comparatis
908 2192 1100 2238 unicuique
1123 2192 1230 2226 etiam
1252 2192 1371 2227 licebit
1393 2192 1487 2227 facili
1510 2193 1652 2241 negotio
1675 2193 1712 2227 in
1736 2205 1907 2228 commen-

262 2256 363 2290 tariis
393 2257 522 2291 criticis
552 2258 705 2304 reperire
734 2259 763 2293 si
792 2271 882 2304 quae
911 2259 1130 2306 inspicienda
1158 2264 1263 2305 atque
1292 2260 1527 2306 comparanda
1554 2260 1753 2295 videantur.
1789 2259 1844 2294 Ac
1862 2271 1908 2294 ne

263 2323 391 2358 notitia
419 2324 568 2359 aliarum
598 2325 829 2360 celebriorum
859 2326 1054 2361 editionum
1082 2327 1227 2361 omnino
1256 2326 1528 2370 desideraretur,
1559 2328 1687 2374 quibus
1716 2327 1907 2374 superioris

262 2391 387 2425 aetatis
410 2391 521 2425 critici
545 2397 579 2426 et
600 2391 759 2426 historici
783 2393 940 2428 crebrius
967 2394 1021 2428 usi
1049 2398 1146 2435 sunt,
1174 2393 1299 2428 maiori
1324 2393 1471 2428 editioni
1495 2395 1600 2429 etiam
1621 2395 1760 2429 tabulas
1783 2394 1906 2429 adieci-

261 2469 339 2491 mus
364 2469 409 2492 ex
433 2456 472 2491 T.
498 2457 713 2493 Mitchelli
738 2459 855 2494 Indice
882 2458 1090 2495 Graecitatis
1113 2459 1316 2495 Platonicae
1340 2461 1523 2508 repetitas,
1552 2474 1641 2508 quae
1664 2461 1805 2496 illarum
1827 2473 1908 2496 cum

261 2524 422 2570 exemplo
457 2523 665 2571 Stephani
698 2527 981 2562 convenientiam
1014 2528 1071 2563 vel
1101 2527 1299 2562 dissensum
1329 2527 1549 2563 declararent
1582 2541 1622 2563 ac
1654 2529 1907 2575 patefacerent:

260 2590 355 2637 quod
383 2596 475 2625 certe
502 2591 545 2626 de
573 2592 726 2627 editione
752 2593 1082 2629 Francofurtana
1113 2601 1148 2630 et
1178 2594 1443 2643 Lugdunensi
1468 2595 1667 2630 faciendum
1691 2596 1906 2642 putavimus,

260 2669 410 2704 quarum
434 2658 628 2694 editionum
647 2661 893 2696 auctoritatem
911 2661 1158 2704 Casauboni,
1182 2661 1500 2705 Hemsterhusii,
1525 2662 1778 2707 Ruhnkenii,
1794 2661 1906 2710 Wyt-
