1998 3084
151 627 186 644 684

163 2355 199 2373 ⁶85

187 2693 201 2710 B

207 164 253 189 404

207 252 302 271 παντες
320 239 349 274 δὴ
367 237 468 269 τούτοις
485 236 593 285 ω’μοσαν
611 237 637 264 οἳ
654 235 713 264 τότε
731 234 886 272 βοηθήσειν,
906 234 951 264 ἐάν
965 248 1002 267 τις

211 290 215 304 ¹
235 283 279 316 τὴν
297 282 428 318 βασιλείαν
447 278 531 307 αυτῶν
548 279 698 319 διαφθείρῃ.
730 283 785 305 ME.
805 279 837 304 Τί
851 276 913 314 μήνς
945 282 1001 305 ΑΘ.

210 325 335 352 Βασιλεία
355 323 380 350 δὲ
398 320 559 352 καταλύεται,
577 320 597 348 ὠ
615 319 682 357 πρὸς
701 318 771 351 Διός,
789 317 804 354 ἢ
822 320 866 368 ”fl
881 330 919 350 τις
937 317 1002 356 ἀρχὴ

209 365 315 394 πώποτε
337 363 469 398 κατελύθη
488 363 544 400 μῶν
563 360 617 390 ὑπό
638 373 712 390 τινων
730 359 843 388 dimam*
828 373 844 395 η
862 361 936 397 σφῶν
955 359 1001 388 αὖ-

210 408 272 440 τῶν,·
299 406 314 442 ἢ
331 405 377 435 νῦν
394 405 423 440 δὴ
440 407 486 443 μὲν
504 403 592 442 ὀλίγον
610 405 764 441 ἔμπροσθεν
781 401 883 434 τούτοις
896 414 1001 451 ’metru-

209 449 299 485 χόντες
316 459 371 479 τοις
388 447 475 485 λόγοις
493 445 559 475 οὕτω
578 444 647 474 ταῦτ
666 447 795 482 ἐτίθεμεν,
814 444 859 472 νῦν
877 442 902 471 δ’
920 447 1002 472 ἐπιλε-

212 491 347 529 λήσμεθας
390 495 446 517 ΜΕ.
464 490 519 517 Καὶ
536 489 603 521 πῶς,·
638 493 694 515 ΑΘ.
715 485 814 515 Οὖκοῦν
831 486 876 514 νῦν
893 486 922 521 δὴ
936 486 1001 523 μᾶλ-

212 536 257 561 λον
275 531 483 583 βεβαιωσόμεθα
497 530 526 559 τὸ
544 530 674 558 τοιοῦτον·
698 528 876 567 περιτυχόντες
891 528 943 567 γὰρ
964 529 1003 565 ἔρ-

211 586 269 614 γοις
285 576 442 613 γενομένοις,
464 572 499 604 ῶς
517 574 607 605 ἔοικεν,
632 573 673 600 ἐπὶ
690 571 736 599 τὸν
754 569 834 599 αὐτὸν
851 569 930 620 λόγον
949 572 1003 619 ἐλη-

214 617 344 654 λύθαμεν,
368 615 429 647 ὥςτε
448 614 479 644 οὗ
496 615 556 652 περὶ
573 613 647 642 κενόν
664 626 688 642 τι
705 612 846 666 ζητήσομεν
862 612 909 641 τὸν
926 617 939 630 *
958 611 1004 640 αὖ-

214 660 260 688 τὸν
277 658 367 697 λόγον,
392 656 456 685 ἀλλὰ
478 669 535 695 περι
557 655 667 695 γεγονός
688 667 715 684 τε
733 668 775 683 και
795 657 853 691 ἔχον
872 653 1006 690 ἀλήθειαν.

212 704 303 740 γέγονε
322 700 351 736 δη
369 698 441 728 τάδε
462 700 588 736 βασιλεῖαι
605 701 673 751 τρεῖς
691 699 899 735 βασιλευομέναις
915 696 1007 724 πόλεσι

213 747 326 781 τριτταῖς
347 741 455 780 ω’μοσαν
477 740 595 780 αλλῄλαις
615 739 744 778 ἑκάτεραι,
767 739 833 767 κατὰ
852 738 946 776 νόμους
964 749 1009 787 ους

215 787 308 814 έθεντο
327 784 375 813 τοῦ
392 795 419 812 τε
438 783 524 821 ἄρχειν
540 784 583 811 καὶ
599 781 732 820 α’ρχεσθαι
747 780 855 814 κοινούς,
875 782 901 809 οἱ
914 783 961 818 μὲν
974 780 1008 818 μὴ

215 829 360 880 βιαιοτέραν
382 826 427 861 τὴν
444 824 524 864 ἀρχὴν
541 824 706 860 ποιήσεσθαι
723 823 864 861 προιόντος
880 824 927 851 τοῦ
942 821 1007 869 χρό-

213 882 260 899 νον
277 882 320 897 και
336 872 437 907 γένους,
462 869 489 896 οἱ
506 868 531 895 δὲ
550 868 632 895 ταῦτα
651 865 827 917 ἐμπεδούντων
844 865 895 893 τῶν
913 864 1006 902 ἀρχόν-

213 924 264 941 των
288 910 351 949 μήτε
377 909 452 939 αυτοὶ
472 909 520 941 τὰς
541 910 672 946 βασιλείας
692 911 757 937 ποτὲ
778 906 931 936 καταλύσειν
951 904 1007 944 μήτ’

215 956 359 991 ἐπιτρέψειν
377 951 548 989 ἐπιχειροῦσιν
565 953 671 988 ἑτέροις,
696 949 841 987 βοηθησειν
858 950 885 977 δὲ
904 948 1010 986 βασιλῆς

216 1009 242 1024 τε
262 1003 266 1016 ¹
286 994 434 1033 βασιλεῦσιν
452 992 626 1031 ἀδικουμένοις
642 1005 685 1021 και
701 992 796 1033 δήμοις,
815 1004 858 1020 και
873 991 948 1029 δῆμοι
964 990 1007 1026 δή-

213 1049 273 1076 μοις
289 1050 332 1066 και
348 1036 496 1078 βασιλεῦσιν
512 1034 693 1073 ἀδικουμένοις.
713 1032 752 1072 αρ’
770 1033 818 1070 οὐχ
834 1045 927 1067 omme,-
953 1039 1008 1061 ΜΕ.

218 1080 291 1109 Οὕτω
307 1082 355 1118 μέν
373 1080 425 1108 οὐν.
460 1083 517 1107 ΑΘ.
539 1076 639 1106 Οὗκοῦν
655 1076 687 1105 ‘to'
703 1089 733 1115 γε
749 1079 874 1115 μέγιστον
891 1079 947 1107 ταῖς
962 1087 1009 1103 κα-

215 1134 362 1151 ταστασεσι
382 1121 434 1149 τῶν
453 1119 588 1149 πολιτειῶν
607 1119 705 1156 ὑπῆρχε
730 1122 788 1150 ταῖς
814 1122 840 1146 ἐν
865 1121 923 1149 ταῖς
943 1118 1012 1155 τρισὶ

216 1164 309 1193 πόλεσι
325 1165 574 1201 νομοθετουμέναις,
597 1165 646 1190 εἴτε
670 1163 695 1190 οἱ
713 1160 818 1198 βασιλῆς
836 1163 1013 1198 ἐνομοθέτουν

217 1205 260 1235 εἴτ’
281 1206 354 1235 ἄλλοι
375 1208 450 1239 τινέςς
494 1210 550 1233 ΜΕ.
572 1208 671 1237 ῙΙοῖον,·
715 1208 771 1231 ΑΘ.
791 1203 828 1231 Τὸ
848 1202 966 1239 βοηθούς
983 1213 1012 1240 γε

217 1248 283 1278 εἶναι
299 1248 347 1280 τὰς
364 1247 410 1276 δύο
430 1248 472 1275 ἐπὶ
488 1246 534 1282 τὴν
550 1248 611 1284 μίαν
629 1244 669 1274 ἀεὶ
686 1245 769 1278 πόλιν,
787 1245 833 1280 τὴν
849 1248 905 1276 τοῖς
922 1247 1011 1272 τεθεῖ-

218 1304 244 1320 σι
252 1290 357 1340 ’,νόμοις
379 1288 555 1318 απειθοῧσαν.
598 1294 654 1316 ΜΕ.
674 1288 767 1323 Δῆλον.
810 1292 867 1315 ΑΘ.
890 1287 945 1314 Και
965 1285 1015 1323 μὴν

217 1333 296 1362 τοῦτο’
318 1345 347 1372 γε
370 1333 397 1360 οἱ
413 1333 506 1360 πολλοι
531 1337 534 1351 ¹
557 1329 748 1380 προςτρῖττουσι
770 1332 826 1360 τοῖς
837 1331 1014 1381 νομοθέταις,

218 1375 289 1407 ὅπως
309 1373 444 1405 τοιούτους
465 1372 584 1409 θησουσι
605 1372 667 1404 τοὺς
683 1371 786 1409 νόμους,
810 1382 855 1402 ους
872 1370 971 1401 ἑκόντες
989 1371 1015 1398 οἱ

218 1418 294 1455 δῆμοι
311 1430 354 1445 και
371 1416 403 1445 τὰ
421 1415 512 1451 πλήθη
531 1416 658 1447 δέξονται,
680 1413 806 1451 καθάπερ
825 1412 857 1441 ἄν
874 1416 901 1441 ει’
913 1424 951 1444 τις
967 1424 1013 1451 γυ-

217 1463 345 1498 μνασταῖς
365 1458 380 1495 ἢ
403 1459 502 1496 ἰατροῖς
519 1469 676 1495 προςταττοι
691 1454 753 1505 μεθ
770 1455 863 1491 ἡδονῆς
879 1453 1014 1493 θεραπεύ-

218 1515 255 1531 ειν
276 1514 303 1530 τε
325 1502 368 1530 καὶ
390 1501 489 1529 ἶᾶσθαι
510 1500 543 1528 τὰ
569 1498 771 1538 θεραπευόμενα
799 1498 916 1535 σώματα.
959 1502 1015 1524 ΜΕ.

219 1543 382 1572 Παντάπασι
403 1545 450 1581 μέν
472 1538 525 1571 οὖν.
568 1547 624 1570 ΑΘ,
649 1541 686 1569 Τὸ
705 1542 733 1569 δέ
748 1539 771 1590 γ’
793 1541 863 1568 ἐστὶν
881 1538 1018 1578 ἀγαπητὸν

218 1586 353 1619 πολλακις,
376 1586 399 1614 εἰ
420 1587 465 1613 καί
484 1595 522 1616 τις
541 1584 606 1622 μετὰ
629 1582 708 1619 λύπης
728 1583 763 1620 μὴ
783 1582 895 1621 μεγαλης
912 1581 1016 1610 δύναιτο

219 1628 334 1657 εὐεκτικα
352 1640 379 1656 τε
396 1640 440 1656 και
451 1626 642 1680 &fifff‘ssfflw
662 1624 868 1664 απεργαζεσθαι.
911 1630 968 1652 ME.
988 1625 1019 1651 Τί

219 1670 281 1709 μήν,-
325 1676 381 1699 ΑΘ.
404 1671 459 1698 Καὶ
480 1670 539 1698 τοδε
560 1681 590 1707 γε
614 1681 649 1697 eu
670 1671 726 1699 τοῖς
747 1667 806 1696 τότε
826 1666 939 1704 ὑπῆρχεν
958 1672 962 1687 ¹
986 1663 1018 1694 οὗ

221 1712 331 1751 σμικρὸν
352 1713 388 1744 εἷς
409 1716 542 1751 ρᾳστωνην
564 1710 608 1746 τῆς
629 1713 732 1741 θέσεως
752 1710 804 1738 τῶν
827 1708 919 1747 νόμων.
961 1713 1018 1736 ΜΕ.

221 1755 259 1784 Τὸ
277 1759 368 1788 ποῖον;
412 1761 453 1782 Vl.
471 1759 528 1782 ΑΘ.
549 1752 600 1781 Οἶκ
617 1753 647 1789 ἦν
665 1756 720 1783 τοῖς
736 1754 896 1789 νομοθέταις
913 1750 928 1786 ἡ
944 1752 1017 1789 μεγί-

222 1810 270 1833 στη
288 1797 339 1826 τῶν
354 1799 484 1835 μέμψεων,
504 1794 612 1831 ἰσότητα
631 1793 720 1826 αὐτοῖς
737 1793 794 1822 τινὰ
809 1792 1016 1825 κατασκευάζου-

222 1852 248 1868 σι
266 1840 310 1875 τῆς
328 1838 426 1871 οὗσίας,
443 1838 517 1891 ἤπερ
527 1842 553 1866 ἐν
571 1837 659 1869 α’λλαις
673 1839 912 1874 νομοθετουμέναις
925 1834 1019 1864 πόλεσι

221 1885 330 1913 πολλαις
346 1883 468 1920 γίγνεται,
487 1879 532 1909 ἐάν
549 1891 586 1911 τις
604 1880 663 1917 ζητῇ
679 1880 727 1918 γῆς
740 1891 768 1907 τε
782 1890 872 1914 κτησιν
885 1881 963 1906 κινεῖν
977 1877 1020 1906 καὶ

219 1925 302 1962 χρεῶν
321 1923 448 1956 διαλυσιν,
468 1921 536 1960 ορῶν
553 1921 587 1954 ῶς
605 1934 651 1951 ουκ
670 1921 702 1950 ἂν
720 1921 824 1949 δύναιτο
843 1919 905 1949 ἄνευ
921 1919 1021 1949 τούτων

221 1969 349 2005 γενέσθαι
367 1968 431 1994 ποτὲ
449 1965 479 1994 τὸ
499 1968 558 1993 ἴσον
575 1964 677 1995 ικανῶς
696 1962 738 2013 ὦς’.
745 1962 913 2001 ἐπιχειροῦντι
929 1962 958 1998 δὴ
973 1973 1019 1990 νο-

221 2011 326 2047 μοθέτῃ
347 2020 424 2036 κιιειν
444 2007 495 2036 τῶν
516 2006 641 2036 τοιούτων
658 2019 682 2034 τι
699 2005 752 2037 πᾶς
769 2004 873 2042 ἇπαντᾷ
890 2007 971 2043 λέγων
985 2003 1021 2042 μὴ

222 2063 299 2080 κινειν
315 2050 348 2078 τα
367 2057 372 2071 ¹
391 2048 508 2102 ἀκίνητα,
531 2050 574 2078 καὶ
597 2048 725 2087 ἐπαρᾶται
745 2048 792 2087 γῆς
808 2060 835 2076 τε
854 2046 1023 2083 ἀναδασμοὺς

222 2104 402 2132 ειςηγουμενον
419 2105 462 2120 και
481 2092 564 2141 χρεῶν
591 2089 741 2123 ἇποκοπας,
763 2089 825 2122 ω’ςτε
850 2090 887 2122 εἰς
908 2088 1023 2127 ἀπορίαν

223 2137 413 2164 καθίστασθαι
434 2133 508 2162 πάντ
534 2133 623 2172 α’νδρα.
650 2136 706 2165 τοῖς
727 2133 755 2161 δὲ
777 2133 807 2168 δὴ
829 2132 958 2170 Δωριεῦσι
979 2131 1023 2159 καὶ

223 2176 300 2206 τοῦθ
327 2176 408 2208 ούτως
433 2176 531 2214 υπῆρχε
557 2176 640 2207 καλῶς
662 2176 705 2204 καὶ
728 2173 899 2212 ανεμεσήτως,
926 2173 975 2213 γῆν
995 2185 1023 2202 τε

225 2218 450 2261 ἇναμφιςβητήτως
476 2220 661 2256 διανέμεσθαι,
694 2230 738 2246 και
761 2220 826 2255 χρέα
851 2216 952 2255 μεγάλα
979 2228 1023 2244 και

224 2261 324 2290 παλαια
343 2260 388 2290 οὐκ
405 2262 443 2297 ἠν.
485 2267 541 2289 ΜΕ.
560 2261 666 2310 Λληθῆ.
701 2265 757 2288 ΑΘ.
775 2260 822 2297 Πῇ
840 2259 870 2295 δή
887 2270 952 2288 ποτε
968 2270 1022 2291 ουν,

225 2305 245 2333 ὦ
264 2303 378 2342 α’ριστοι,
397 2303 480 2334 κακῶς
498 2302 579 2334 οὕτως
597 2302 687 2333 αυτοῖς
704 2301 832 2339 ἐχωρησεν
848 2301 864 2337 ἦ
881 2302 1023 2331 κατοίκισίς

226 2359 253 2375 τε
271 2347 314 2374 καὶ
331 2347 494 2383 νομοθεσίας
514 2350 526 2363 *
544 2351 600 2373 ΜΕ.
618 2345 683 2376 Πῶς
701 2344 738 2379 δή,
757 2345 801 2372 καὶ
817 2346 843 2372 τί
857 2343 1024 2382 μεμφόμενος

227 2387 311 2417 αὐτῶν
332 2391 423 2438 λέγειςς
466 2392 522 2415 ΑΘ.
541 2388 594 2416 Ὀτι
616 2387 693 2425 τριῶν
713 2388 856 2425 γενομένων
877 2386 928 2414 τῶν
950 2384 1020 2420 οἰκη-

227 2443 293 2460 σεων
314 2430 346 2458 τὰ
369 2429 414 2459 δύο
438 2428 522 2458 αὐτῶν
540 2432 604 2467 μέρη
626 2429 691 2465 ταχὺ
712 2428 758 2464 την
778 2440 806 2457 τε
827 2430 959 2457 πολιτείαν
980 2440 1023 2456 και

227 2473 288 2505 τοὺς
305 2472 401 2510 νόμους
419 2473 562 2509 διέφθειρε,
585 2473 614 2500 τὸ
634 2472 692 2500 δὲ
679 2483 704 2499 εν
719 2470 803 2508 μόνον
821 2472 912 2524 ἔμεινε,
931 2470 961 2499 τὸ
980 2471 1024 2505 τῆς

227 2515 350 2553 ὑμετέρας
366 2514 471 2545 πόλεως.
506 2520 562 2541 ΜΕ.
584 2513 621 2542 Ου
638 2525 708 2542 πανυ
725 2512 815 2552 ῥᾴδιον
832 2513 934 2551 ἐρωτᾷς.
966 2517 1022 2540 ΑΘ.

228 2560 302 2587 Αλλὰ
323 2557 373 2595 μὴν
394 2558 433 2585 δεῖ
451 2568 481 2594 γε
502 2555 569 2593 ἡμᾶς
589 2568 667 2586 τουτο
691 2559 716 2583 έν
736 2555 772 2593 τῷ
793 2555 839 2584 νῦν
860 2555 1024 2585 σκοποῦντας

228 2601 272 2628 καὶ
293 2598 457 2632 ἐξετάζοντας
477 2599 537 2636 περὶ
558 2597 654 2636 νόμων,
676 2600 815 2630 παίζοντας
835 2599 943 2626 παιδιὰν
959 2609 1024 2635 πρε-

229 2641 349 2679 σβυτικὴν
375 2641 514 2678 σώφρονα,
546 2641 659 2669 διελθεῖν
685 2640 730 2676 τὴν
756 2639 819 2669 ὁδὸν
845 2639 959 2673 ἀλύπως,
992 2639 1025 2671 ῶς

231 2687 326 2722 ἔφαμεν
348 2684 420 2719 ἡνίκα
443 2682 581 2721 ἠρχόμεθα
602 2690 604 2704 ¹
624 2683 797 2721 πορεύεσθαι.
840 2690 895 2712 ΜΕ.
916 2685 947 2711 Τί
962 2681 1024 2721 μήν,-

874 157 1167 183 PLATONIS

1053 236 1095 262 καὶ
1115 237 1237 269 ποιητέον
1257 247 1286 272 γε
1308 234 1341 266 ῶς
1363 239 1447 274 λέγεις.
1491 241 1547 264 ΑΘ.
1571 234 1621 263 Τίν’
1640 230 1686 263 οὖν
1704 234 1736 264 ἆν
1754 238 1842 272 σκέψιν
1868 242 1870 276 y

1052 278 1145 304 καλλίω
1162 279 1343 313 ποιησαίμεθα
1361 280 1419 315 περὶ
1436 278 1522 315 νόμων
1538 277 1554 312 ἢ
1571 277 1680 309 τούτων,
1704 279 1731 306 οἳ
1751 277 1845 309 ταύτας
1868 279 1869 291 ³

1054 317 1296 355 διακεκοσμήκασινς
1322 318 1338 353 ἢ
1358 319 1459 348 πόλεων
1476 321 1535 357 περὶ
1552 322 1626 348 τίνων
1643 318 1846 357 εὐδοκιμωτέρων
1864 318 1866 345 ί

1054 372 1081 388 τε
1099 360 1142 387 καὶ
1158 358 1278 396 μειζόνων
1295 363 1461 390 κατοικίσεων
1478 360 1635 398 σκοποίμεθ’
1654 361 1698 394 ἆνς
1733 367 1788 389 ΜΕ.
1810 360 1846 390 01¹1

1055 401 1144 440 ῥᾴδιον
1167 399 1223 429 ἀντὶ
1243 401 1342 430 τούτων
1363 405 1449 441 ἑτέρας
1469 406 1557 442 λέγειν.
1600 409 1657 432 ΑΘ.
1682 402 1781 432 Οὐκοῦν
1807 402 1847 431 ὅτι

1054 446 1101 481 μὲν
1123 442 1269 471 διενοοῦντό
1290 456 1319 482 γε
1343 445 1368 472 οῖ
1389 444 1447 473 τότε
1465 446 1510 481 τὴν
1527 445 1686 481 κατασκευὴν
1704 445 1799 481 ταύτην
1816 443 1848 474 οὗ

1055 484 1250 522 Πελοποννήσῳ
1270 485 1352 522 μόνον
1374 487 1486 514 ἔσεσθαι
1508 487 1611 524 βοηθὸν
1633 487 1731 523 ἱκανήν,
1756 487 1848 523 σχεδὸν

1057 527 1140 562 δῆλον,
1160 525 1224 554 ἀλλὰ
1243 528 1286 554 καὶ
1304 533 1309 548 ¹
1327 531 1382 559 τοῖς
1395 527 1496 564 Ἕλλησι
1513 530 1601 562 πᾶσιν,
1620 533 1696 561 εἴτις
1714 529 1764 558 τῶν
1782 530 1846 567 βαρ·
1876 538 1891 556 C

1057 568 1143 618 βάρων
1165 567 1259 600 αὐτοὺς
1281 567 1376 602 ἀδικοῖ,
1399 569 1522 608 καθάπερ
1545 572 1571 600 οἱ
1591 573 1649 609 περὶ
1667 572 1696 600 τὸ
1712 571 1789 600 Ἴλιον
1807 572 1846 600 οἱ-

1057 622 1160 642 κουντες
1181 610 1252 643 τότε,
1274 610 1438 643 πιστεύοντες
1460 612 1490 649 τῇ
1512 613 1563 641 τῶν
1583 616 1724 663 Λσσυρίων
1746 613 1851 651 δυνάμει

1057 654 1089 690 τῇ
1110 665 1170 691 περι
1190 656 1274 681 Νῖνον
1294 656 1430 692 γενομένῃ,
1453 654 1648 694 θρασυνόμενοι
1669 656 1716 684 τὸν
1725 656 1852 705 ’πόλεμον

1057 694 1162 734 η’γειραν
1187 694 1234 723 τὸν
1260 696 1301 722 ε’πι
1324 697 1428 733 Τροίαν.
1455 696 1486 731 ἠν
1509 696 1561 734 γὰρ
1590 698 1625 725 ἔτι
1651 698 1680 726 τὸ
1707 698 1751 734 τῆς
1773 697 1852 735 αρχῆς

1060 739 1151 773 έκείιης
1169 749 1254 774 σχημα
1272 737 1302 765 τὸ
1323 736 1468 775 σωζόμενον
1486 737 1517 766 οὐ
1536 738 1649 776 σμικρόν.
1667 740 1793 777 καθαπερ
1808 752 1852 768 νυν

1058 779 1104 807 τὸν
1120 782 1202 817 μέγαν
1220 780 1325 816 βασιλέα
1342 778 1532 817 φοβούμεθα
1521 784 1601 817 ημεῖς,
1624 794 1667 809 και
1683 781 1741 811 τότε
1761 784 1854 817 ἐκείνην

1059 821 1105 856 τὴν
1123 824 1307 849 συσταθεῖσαν
1325 821 1446 853 σύνταξιν
1464 823 1579 850 εδέδισαν
1597 824 1622 851 οἳ
1637 822 1702 851 τότε.
1720 827 1786 863 μέγα
1801 836 1853 862 γαρ

1061 865 1171 902 ἔγκλημα
1192 863 1259 901 πρὸς
1281 862 1376 895 αὐτοὺς
1396 862 1411 899 ἦ
1423 863 1477 911 ,τῆς
1497 867 1592 901 Τροίας
1611 871 1614 885 ¹
1635 864 1729 897 ἅλωσις
1745 866 1775 895 τὸ
1795 865 1852 894 δεύ-
1881 874 1898 893 D

1060 917 1135 943 τερον
1157 904 1280 944 ἐγεγόνει·
1307 906 1351 940 τῆς
1370 904 1448 943 αρχῆς
1464 906 1515 944 γὰρ
1533 907 1577 942 τῆς
1595 909 1693 935 ἐκείνων
1709 909 1740 943 ἠν
1755 907 1854 946 μόριον.

1060 948 1127 986 πρὸς
1148 948 1178 983 δὴ
1200 947 1281 976 ταῦτα
1305 960 1391 976 παντα
1413 948 1428 983 ὴ
1450 949 1497 976 τοῦ
1520 950 1698 986 στρατοπέδου
1723 950 1771 979 τοῦ
1796 949 1854 979 τότε

1063 991 1251 1027 διανεμηθεῖσα
1269 990 1306 1021 εἷς
1322 993 1389 1028 τρεῖς
1406 989 1493 1021 πόλεις
1510 991 1654 1027 κατασκευὴ
1671 993 1717 1029 μία
1734 991 1786 1021 ὖπὸ
1806 993 1854 1030 βα-

1062 1035 1151 1061 σιλέων
1174 1031 1300 1069 ἀδελφῶν,
1322 1033 1421 1060 παίδων
1436 1031 1602 1070 εΗρακλέους,
1625 1034 1707 1065 καλῶς
1724 1034 1758 1066 ὡς
1776 1034 1857 1063 ἐδόκει

1063 1073 1216 1128 ἆνευρημένη
1238 1075 1282 1102 καὶ
1303 1078 1543 1112 κατακεκοσμημένη
1564 1077 1608 1103 καὶ
1626 1076 1798 1114 διαφεροντως
1814 1088 1859 1127 της

1063 1117 1105 1144 ἐπι
1130 1117 1176 1151 τὴν
1204 1118 1300 1154 Τροίαν
1327 1115 1487 1153 αφικομένης.
1518 1117 1623 1170 πρῶτον
1646 1121 1694 1156 μὲν
1718 1119 1770 1157 γὰρ
1797 1130 1858 1150 τους

1060 1157 1228 1196 (Ηρακλείδας
1249 1159 1300 1186 τῶν
1316 1159 1471 1187 Πελοπιδῶν
1485 1158 1611 1200 αμείνους
1631 1173 1742 1199 ηγουντο
1761 1160 1855 1199 αρχόν-

1063 1213 1113 1229 των
1132 1200 1260 1238 α’ρχοντας
1278 1202 1348 1236 ἒχειν,
1369 1199 1443 1228 ἔπειτ’
1461 1213 1494 1229 av
1511 1201 1540 1230 τὸ
1560 1202 1739 1239 στρατόπεδον
1757 1209 1760 1224 ¹
1780 1203 1857 1232 τοῦτο
1885 1211 1901 1229 E

1064 1243 1112 1271 τοῦ
1139 1244 1180 1270 ἐπὶ
1205 1244 1302 1280 Τροίαν
1328 1244 1484 1280 ἀφικομένου
1511 1244 1638 1281 διαφέρειν
1664 1245 1731 1295 πρὸς
1756 1243 1858 1283 αρετήν·

1064 1287 1218 1320 νενικηκέναι
1242 1284 1294 1323 γὰρ
1320 1284 1439 1317 τούτους,
1472 1284 1609 1320 ηττᾶσθαι
1635 1285 1658 1314 δ’
1683 1285 1735 1315 ὑπὸ
1762 1299 1860 1316 τουτων
1880 1292 1889 1300 ”

1066 1329 1182 1359 ἐκείνους,
1200 1326 1317 1362 Λχαιοὺς
1336 1326 1414 1358 ὄντας
1430 1326 1482 1355 ὑπὸ
1503 1330 1628 1376 Δωριέων.
1657 1324 1696 1366 ἆρ’
1714 1328 1762 1365 οὐχ
1780 1329 1861 1361 ούτως
1883 1340 1885 1357 ¹

1067 1369 1183 1406 οἰόμεθα
1211 1371 1255 1396 καί
1281 1381 1330 1397 τινι
1356 1370 1456 1405 διανοίᾳ
1482 1382 1590 1407 τοιαυτη
1616 1371 1861 1404 κατασκευάζεσθαι

1067 1411 1128 1443 τοὺς
1145 1410 1217 1444 τότε,·
1251 1417 1307 1439 ΜΕ.
1325 1410 1404 1439 Πάνυ
1420 1414 1466 1449 μὲν
1484 1407 1537 1440 οὖν.
1576 1418 1632 1441 ΑΘ.
1654 1412 1753 1442 Οὐκοῦν
1770 1415 1813 1443 καὶ
1829 1414 1860 1443 τὸ

1068 1454 1175 1490 βεβαίως
1197 1455 1306 1482 οἰεσθαι
1327 1452 1406 1482 ταῦθ
1429 1454 1492 1486 ἕξειν
1509 1454 1577 1486 εἰκὸς
1595 1454 1689 1487 αὐτοὺς
1706 1460 1719 1474 *
1736 1457 1780 1484 καὶ
1794 1456 1872 1501 χρό-’
1887 1463 1923 1482 686

1067 1508 1113 1524 νον
1129 1508 1168 1524 τιν
1192 1494 1224 1524 ἂν
1240 1495 1323 1524 πολὺν
1338 1498 1428 1532 μένειν,
1448 1495 1492 1524 α’τε
1507 1496 1721 1533 κεκοινωνηκότας
1733 1501 1781 1536 μὲν
1794 1501 1860 1527 πολ-

1067 1538 1118 1566 λῶν
1138 1537 1226 1566 πόνων
1243 1550 1286 1566 και
1303 1538 1423 1566 κινδύνων
1441 1537 1568 1574 αλλήλοιςς
1586 1538 1638 1568 ὑπὸ
1657 1542 1746 1578 γένους
1765 1542 1792 1570 δὲ
1806 1541 1862 1572 ἑνὸς

1067 1580 1118 1608 τῶν
1136 1581 1261 1617 βασιλέων
1279 1579 1424 1617 ἀδελφῶν’
1414 1579 1495 1609 όντων
1517 1582 1774 1620 διακεκοσμημένους,
1796 1583 1863 1622 πρὸς

1067 1621 1170 1654 τούτοις
1192 1620 1215 1650 δ’
1238 1624 1273 1651 ἔτι
1294 1635 1338 1651 και
1359 1625 1465 1654 πολλοῖς
1485 1622 1594 1661 μάντεσι
1614 1628 1782 1663 κεχρημένους
1798 1624 1863 1654 εἶναι

1067 1668 1123 1696 τοῖς
1139 1676 1167 1693 τε
1185 1663 1271 1696 ἄλλοις
1288 1666 1332 1692 καὶ
1348 1665 1383 1702 τῷ
1403 1666 1518 1702 Δελφικῷ
1535 1665 1685 1700 Λπόλλωνι,·
1728 1673 1782 1696 ΜΕ.
1801 1668 1865 1699 Πῶς

1069 1705 1093 1734 δὶ
1111 1705 1157 1735 οὐκ
1174 1706 1255 1741 εἷκός;
1290 1712 1346 1735 ΑΘ.
1367 1707 1454 1735 Ταῦτα
1472 1708 1502 1743 δὴ
1519 1708 1551 1735 τὰ
1568 1708 1669 1747 μεγάλα
1688 1709 1769 1742 οὕτως
1782 1722 1861 1748 προς-

1070 1748 1201 1786 δοκῶμενα
1225 1750 1358 1782 διέπτατο,
1381 1748 1415 1781 ῶς
1433 1750 1510 1783 ἔοικε,
1529 1749 1587 1778 τότε
1606 1750 1682 1787 ταχύ,
1700 1751 1776 1787 πλήν,
1800 1752 1864 1790 ὅπερ

1069 1795 1176 1841 είπομεν
1192 1791 1237 1819 νῦν
1255 1790 1292 1826 δή,
1312 1792 1421 1829 σμικροῦ
1438 1794 1531 1829 μέρους
1548 1792 1595 1821 τοῦ
1609 1794 1669 1831 περὶ
1684 1794 1729 1822 τὸν
1742 1794 1865 1833 ὑμέτερον

1904 1608 1916 1658 ι.

1070 1834 1165 1862 τόπον
1184 1846 1228 1861 και
1246 1840 1250 1854 ¹
1269 1834 1348 1862 τοῦτο
1367 1834 1396 1869 δὴ
1413 1834 1480 1871 πρὸς
1497 1834 1529 1862 τὰ
1548 1834 1593 1863 δυο
1610 1838 1674 1873 μέρη
1689 1837 1819 1874 πολεμοῦν
1834 1835 1865 1865 οὐ
1891 1843 1907 1862 Β

1070 1887 1177 1904 πωποτε
1198 1878 1328 1904 πέπαυται
1348 1879 1421 1914 μέχρι
1443 1876 1474 1904 τὰ
1496 1877 1551 1905 νῦν
1581 1879 1635 1906 ἐπει
1645 1881 1778 1928 γενομένη
1797 1891 1827 1918 γε
1850 1892 1865 1915 η

1071 1917 1130 1946 τότε
1148 1918 1249 1946 διάνοια
1267 1930 1310 1946 και
1327 1917 1522 1955 ξυμφωνησασα
1540 1919 1576 1951 εἷς
1594 1932 1619 1948 εν
1637 1918 1819 1950 ανυπόστατον
1835 1921 1866 1950 α’ν

1071 1972 1128 1989 τινα
1150 1959 1282 1998 δύναμιν’
1274 1962 1332 1996 έσχε
1349 1960 1415 1988 κατὰ
1433 1960 1555 1998 πόλεμον.
1598 1968 1653 1990 ΜΕ.
1671 1963 1735 1994 Πῶς
1751 1963 1802 2002 γὰρ
1821 1963 1865 1998 ου’,-

1072 2009 1124 2030 vu.
1146 2007 1203 2031 ΑΘ.
1230 2003 1295 2034 Πῶς
1316 2003 1362 2031 οὖν
1382 2004 1426 2030 καὶ
1447 2003 1483 2040 πῇ
1509 2002 1626 2038 διωλετο,·
1654 2017 1687 2042 αρ
1720 2004 1766 2034 οὐκ
1793 2005 1867 2038 α’ξιον

1073 2048 1230 2078 ἐπισκοπεῖν,
1248 2046 1398 2080 τηλικοῦτον
1415 2057 1458 2073 και
1475 2046 1595 2074 τοιοῦτον
1614 2059 1732 2089 σύστημα
1747 2047 1800 2084 ἥτις
1813 2061 1864 2077 πο-

1073 2090 1100 2116 τὲ
1121 2086 1184 2122 τύχη
1206 2088 1351 2124 διέφθειρε·
1394 2093 1450 2114 ΜΕ.
1472 2088 1560 2125 Σχολῇ
1581 2101 1632 2127 γαρ
1652 2101 1698 2118 ουν
1720 2089 1750 2125 δή
1771 2101 1808 2122 τις
1835 2103 1867 2118 αν

1884 2014 1912 2090 l„

1074 2129 1136 2158 ἄλλο
1159 2129 1266 2158 σκοπῶν
1287 2128 1303 2165 ἢ
1319 2129 1415 2166 νόμους
1432 2129 1447 2165 ἢ
1467 2136 1471 2150 ¹
1490 2133 1620 2162 πολιτείας
1638 2130 1716 2163 ἄλλοις
1732 2131 1865 2161 θεασαιτο
1892 2139 1908 2158 O

1074 2170 1209 2204 σωζούσας
1229 2171 1294 2199 καλὰ
1317 2173 1360 2199 καὶ
1379 2171 1480 2210 μεγαλα
1501 2171 1643 2211 πράγματα
1664 2173 1680 2209 ἢ
1697 2175 1740 2202 καὶ
1757 2173 1865 2204 τούναν-

1074 2216 1129 2242 τίον
1147 2212 1357 2251 διαφθειρούσας
1374 2214 1403 2242 τὸ
1422 2213 1557 2251 παράπαν,
1576 2216 1599 2243 εἰ
1615 2214 1747 2253 ἀμελήσειε
1761 2216 1866 2245 τούτων.

1073 2261 1128 2285 ΑΘ.
1149 2256 1234 2284 Τοῦτο
1250 2258 1298 2293 μὲν
1316 2255 1380 2293 α’ρα,
1399 2255 1433 2288 ὡς
1452 2257 1543 2289 ἔοικεν,
1562 2256 1672 2294 εὐτυχῶς
1687 2270 1742 2290 πως
1760 2259 1866 2301 ἐμβεβῄ-
1887 2269 1894 2290 ι
1921 2284 1928 2286 ,

1073 2301 1155 2339 καμέν
1167 2310 1198 2337 γε
1215 2301 1251 2329 είς
1268 2310 1324 2326 τινα
1343 2301 1434 2336 σκέψιν
1452 2298 1546 2334 ικανήν.
1585 2306 1640 2328 ΜΕ.
1658 2300 1736 2329 Πανυ
1751 2304 1799 2339 μὲν
1814 2303 1866 2330 οὖν.
1892 2309 1895 2324 ¹

1074 2346 1129 2369 ΑΘ.
1148 2338 1196 2378 Ἀρ
1214 2341 1267 2373 οὐν,
1287 2352 1306 2368 ω
1321 2340 1465 2378 θαυμασιε,
1485 2341 1630 2379 λελήθαμεν
1646 2342 1785 2396 α’νθρωποι
1799 2356 1865 2372 παν-

1074 2394 1126 2416 τες,
1147 2395 1191 2411 και
1212 2382 1244 2411 τὰ
1267 2383 1311 2411 νῦν
1333 2383 1363 2418 δὴ
1384 2382 1466 2420 ημεῖς,
1494 2384 1609 2422 οἰόμενοι
1633 2388 1680 2423 μὲν
1700 2385 1824 2415 ἑκαστοτέ
1844 2399 1868 2414 τι

1074 2425 1154 2474 καλὸν
1175 2424 1241 2462 ὀρᾶν
1261 2425 1371 2463 πρᾶγμα
1392 2425 1532 2464 γενόμενον
1549 2428 1592 2454 καὶ
1610 2428 1756 2465 θαυμαστὰ
1776 2428 1808 2456 ἄν
1825 2432 1865 2466 ἐρ-

1073 2479 1234 2506 γασαμενον,
1257 2470 1283 2495 εἴ
1299 2479 1337 2499 τις
1359 2467 1410 2506 ἄρα
1431 2467 1566 2504 ἠπιστήθη
1584 2469 1666 2501 καλῶς
1683 2469 1751 2507 αὐτῷ
1766 2470 1866 2508 χρήσα-

1075 2514 1145 2538 σθαι
1164 2516 1167 2530 ¹
1187 2509 1254 2538 κατα
1271 2522 1327 2538 τινα
1346 2510 1455 2547 τρόπον,
1478 2510 1508 2539 τὸ
1527 2512 1553 2538 δὲ
1572 2512 1615 2539 νῦν
1631 2524 1661 2550 γε
1677 2511 1748 2549 ἡμεῖς
1765 2511 1820 2548 τάχ’
1838 2512 1869 2541 ἄν
1894 2519 1911 2537 D

1075 2556 1136 2584 ἴσως
1156 2553 1215 2589 περὶ
1237 2552 1314 2581 τοῦτο
1339 2552 1402 2581 αὐτὸ
1426 2551 1478 2582 οὔτ’
1500 2551 1590 2590 ὀρθῶς
1612 2555 1785 2592 διανοοίμεθα
1809 2553 1868 2583 οὔτε

1074 2595 1140 2623 κατὰ
1162 2594 1252 2636 φύσιν,
1274 2596 1317 2622 καῖ
1340 2595 1369 2629 δὴ
1391 2597 1434 2623 καὶ
1454 2597 1513 2633 περὶ
1530 2595 1562 2623 τὰ
1582 2595 1645 2623 ἄλλα
1663 2595 1757 2628 πάντες
1773 2596 1867 2629 πάντα,

1074 2639 1133 2675 περὶ
1155 2638 1190 2665 ῶν
1209 2636 1240 2664 ἂν
1259 2638 1326 2665 οὕτω
1345 2639 1519 2674 διανοηθῶσις
1564 2644 1618 2666 ΜΕ.
1637 2641 1727 2677 Λέγεις
1744 2640 1770 2667 δέ
1789 2639 1818 2675 δὴ
1836 2641 1866 2672 τί,
1884 2643 1885 2646 ’

1075 2684 1116 2709 καὶ
1134 2681 1194 2717 περὶ
1211 2682 1279 2712 τίνος
1298 2693 1339 2709 σοι
1358 2681 1445 2719 φῶμεν
1458 2679 1558 2719 μα’λιστ)
1576 2680 1701 2718 εἰρῆσθαι
1716 2682 1809 2709 τοῦτον
1823 2681 1869 2710 τὸν
