1998 3084
47 694 50 698 ¹
91 680 256 730 προςρητέον.

35 1531 69 1549 295
94 1535 137 1552 νυν
157 1520 379 1560 μεταδιωκόμενον
397 1526 409 1540 *
426 1524 507 1560 γένος

51 2627 70 2647 D
95 2621 159 2654 Πῶς
174 2621 226 2660 γὰρ
247 2621 292 2656 αὔ,-

759 174 1061 201 SOPfll-STA.
1703 170 1736 195 79

52 268 70 287 B
95 264 143 289 ΞΕ.
164 257 263 288 Οὗκοῧν
282 258 327 286 καὶ
346 256 393 285 τὸν
411 262 415 277 ¹
433 254 583 293 μαθήματα
604 254 795 292 ξυνωνούμενον
812 252 888 282 πόλιν

94 313 122 331 τε
144 305 170 329 ἐκ
191 299 289 331 πόλεως
309 300 470 335 νομίσματος
487 296 626 335 ἀμείβονται
644 295 740 326 ταύτὸν
756 298 888 333 προςερεῖς

95 342 192 381 ὄνομας
235 346 328 370 ΘΕΑΙ.
350 339 461 381 Σφόδρα
482 351 520 378 γε.
564 346 608 367 ΧΙ.
630 344 678 368 ΞΕ.
707 338 757 374 Τῆς
783 338 812 373 δὴ
833 347 885 374 ψυ-

91 383 247 423 χεμπορικῆς
262 381 356 418 ταύτης
373 380 413 419 ἄρ’
430 379 462 410 οὗ
479 381 508 410 τὸ
526 384 573 418 μὲν
589 381 738 416 ε’πιδεικτικὴ
753 378 885 408 δικαιότα-

94 441 126 456 τα
143 424 232 465 λέγοιτ’
250 424 293 458 ἄν,
316 424 346 452 τὸ
366 425 392 452 δὲ
409 426 513 462 γελοῖον
525 426 576 473 μὲν
594 422 641 459 οὐχ
647 425 747 472 Ηήττον
754 422 800 450 τοῦ
817 420 885 459 πρό-

94 473 170 501 σθεν,
189 467 258 505 όμως
274 468 301 494 δέ
317 465 485 503 μαθηματων
503 466 586 494 οὖσαν
603 465 701 503 πρᾶσιν
717 463 796 500 αὐτὴν
811 462 885 492 ἆδελ-

92 511 133 549 φῷ
163 523 211 538 τινι
242 508 286 544 τῆς
316 507 435 549 πραξεως
466 506 575 544 ονόματι
600 510 748 544 προςειπεῖν
775 505 886 544 ἀνάγκη,

93 558 186 582 ΘΕΑΙ.
208 550 287 579 Πάνυ
306 553 354 588 μὲν
375 562 428 578 ουν.
472 554 521 578 ΞΕ.
545 549 650 599 Ταύτης
667 551 753 578 τοίνυν
774 548 818 583 τῆς
833 560 884 584 μα-

51 603 66 622 C
93 593 310 632 θηματοπωλικῆς
331 592 361 620 τὸ
383 594 429 629 μὲν
451 593 510 629 περὶ
531 591 564 619 τὰ
588 598 592 612 ¹
615 591 667 620 τῶν
689 590 772 618 α’λλων
792 589 888 625 τεχνῶν

91 635 238 675 μαθήματα
265 637 352 672 ἑτέρῳ,
385 634 415 662 τὸ
443 635 470 662 δὲ
495 634 555 671 περὶ
581 633 611 662 τὸ
639 633 683 668 τῆς
706 631 798 670 ἀρετῆς
820 631 887 668 α’λλῳ

298 681 392 705 ΘΕΑΙ.
413 675 478 707 Πῶς
497 675 549 714 γὰρ
568 674 611 709 οὖ,-
655 680 704 704 ΞΕ
724 677 885 710 Τεχνοπωλι-

92 721 138 750 κὸν
157 723 204 758 μὲν
224 719 256 748 τό
277 731 307 757 γε
328 719 388 756 περὶ
408 719 489 746 τᾶλλα
512 717 544 746 ἄν
567 716 703 755 ἆρμόττοι·
730 716 760 745 τὸ
784 717 810 744 δὲ
828 716 888 753 περὶ

92 763 174 792 ταῦτα
192 761 224 791 σὺ
241 760 435 799 προθυμήθητι
453 762 532 798 λέγειν
550 759 642 797 ὄνομα
678 764 773 787 ΘΕΑΙ.
791 759 846 786 Και
864 760 889 786 τί

92 816 129 837 τις
150 803 182 833 ἂν
204 803 266 832 ἄλλο
285 802 369 840 ὄνομα
387 802 467 831 εἶπών
485 800 531 831 οὐκ
550 800 582 830 ἂν
598 803 756 853 πλημμελοίη
773 800 839 836 πλὴν
856 800 885 828 τὸ

92 847 136 876 νῦν
154 845 307 883 ζητουμενον
326 844 389 873 αὐτὸ
408 849 472 873 εἶναι
490 844 519 873 τὸ
540 843 695 881 σοφιστικὸν
711 846 798 882 γένος,
838 847 886 871 ΞΕ.

96 887 174 919 Ουδέν
192 887 262 916 α’λλο.
289 890 333 915 ἴθι
350 886 380 922 δὴ
398 886 443 915 νῦν
461 885 648 925 συναγάγωμεν
671 884 748 918 αὑτό,
771 887 887 924 λέγοντες

51 939 66 958 υ
93 931 127 963 ὦς
142 931 173 960 τὸ
173 930 234 979 ,τῆς
251 929 377 965 κτητικῆς,
394 929 588 966 μεταβλητικῆς,
612 926 797 967 ἇγοραο-τικῆς,
822 933 825 948 ¹
843 930 886 964 ἒμ-

93 972 211 1011 πορικῆς,
243 971 437 1010 ψυχεμπορικῆς
466 972 526 1009 περὶ
551 970 646 1009 λόγους
670 971 715 998 καὶ
738 968 888 1008 μαθήματα

94 1014 184 1054 ἆρετῆς
197 1014 341 1050 πωλητικὸν
356 1012 504 1051 δεύτερον
490 1025 604 1050 ανεφανη
620 1011 766 1049 σοφιστική.
794 1017 888 1040 ΘΕΑΙ.

93 1057 176 1087 Μαλα
193 1069 230 1096 γε.
274 1061 323 1085 ΞΕ.
343 1057 436 1094 Τρίτον
453 1056 481 1084 δέ
496 1053 519 1094 γ’
537 1053 610 1093 οιμαί
627 1067 664 1087 σε,
683 1053 732 1082 κᾶν
748 1057 775 1083 εἶ
787 1065 825 1085 τις
840 1066 887 1082 αυ-

93 1100 139 1130 τοῦ
157 1100 347 1148 καθιδρυμένος
364 1102 390 1126 ἐν
410 1097 496 1130 πόλει,
519 1097 551 1126 τὰ
568 1100 615 1135 μὲν
632 1095 788 1134 ὠνούμενος,
811 1095 843 1124 τὰ
863 1097 889 1124 δὲ

93 1143 136 1171 καὶ
161 1140 355 1178 τεκταινόμενος
381 1138 460 1172 αὐτὸς
484 1138 634 1177 μαθήματα
665 1140 724 1176 περὶ
755 1138 788 1167 τὰ
821 1136 888 1166 αυτὰ

94 1184 174 1214 ταῦτα
192 1184 236 1212 καὶ
252 1183 356 1216 πωλῶν,
376 1186 401 1211 ἐκ
419 1181 514 1211 τούτου
531 1182 561 1210 τὸ
581 1182 623 1217 ζῆν
639 1180 821 1219 προῦταξατο,
839 1193 887 1208 κα-

94 1230 145 1256 λεῖν
166 1225 240 1255 οὐδὲν
262 1224 325 1253 ἄλλο
343 1225 408 1260 πλὴν
426 1224 490 1263 ὅπερ
509 1224 553 1253 νῦν
571 1223 609 1260 δή.
653 1228 748 1252 ΘΕΑΙ.
768 1225 800 1251 Τί
816 1221 840 1250 δ’
858 1221 889 1251 οὖ

92 1271 185 1308 μέλλως
220 1272 269 1297 ΞΕ.
286 1268 343 1296 Και
359 1267 389 1295 τὸ
408 1266 523 1302 κτητικῆς
540 1265 592 1304 ἆρα
609 1265 801 1317 μεταβλητικόνῖ
822 1263 887 1303 ἆγο-

53 1319 69 1338 Ε
93 1309 224 1349 ρασ-τικόν,
244 1316 248 1331 ¹
267 1309 409 1345 καπηλικὸν
425 1312 475 1338 εἴτε
491 1307 676 1341 αὖτοπωλικόν,
696 1306 889 1345 ἇμφοτέρως,ο
874 1306 891 1336 ὅ

93 1355 119 1383 τί
133 1365 182 1391 περ
200 1352 232 1381 ἄν
248 1353 265 1390 ᾑ
282 1353 341 1390 περὶ
358 1351 391 1380 τὰ
409 1351 519 1380 τοιαῦτα
532 1350 794 1388 μαθηματοπωλικὸν
807 1352 889 1388 γένος,

95 1395 134 1425 ἀεὶ
159 1395 193 1424 σὺ
218 1398 362 1433 προςερεῖς,
393 1393 428 1426 ὦς
456 1396 554 1431 φαίνει,
587 1392 750 1430 σοφιστικόν.
794 1397 888 1421 ΘΕΑΙ.

93 1437 212 1477 Λνιίγκη·
238 1436 274 1474 τῷ
295 1437 346 1475 γὰρ
364 1435 432 1475 λόγῳ
451 1437 490 1465 δεῖ
507 1438 723 1465 συνακολουθεῖν.
766 1441 821 1463 ΧΙΙ.
840 1439 889 1463 ΞΕ

90 1480 143 1509 Ἔτι
164 1480 194 1516 δὴ
216 1479 366 1516 σκοπῶμεν,
393 1482 420 1507 εί
436 1491 484 1507 τινι
506 1479 596 1516 τοιῷδε
617 1480 766 1516 προςέοικεν
789 1476 840 1515 α’ρα
858 1476 888 1505 τὸ

552 1526 645 1549 ΘΕΑΙ.
664 1522 740 1557 Ποίῳ
794 1533 801 1553 ,·
840 1524 889 1548 ΞΕ.

95 1564 145 1601 Τῆς
169 1564 284 1600 κτητικῆς
310 1562 463 1603 ἆγωνιστική
489 1576 514 1592 τι
533 1566 612 1613 μέρος
633 1561 692 1600 ἡμῖν
712 1563 750 1597 ἠν.
795 1567 889 1590 ΘΕΑΙ

94 1608 138 1636 Ἠν
154 1606 206 1646 γὰρ
224 1607 277 1636 οὖν.
312 1611 361 1635 ΞΕ.
383 1605 434 1635 Ουκ
454 1604 507 1634 α’πο
526 1605 628 1643 τρόπου
645 1607 731 1634 τοίνυν
749 1605 804 1633 ἐστι
822 1605 887 1632 διαι-

93 1653 146 1688 ρεῖν
164 1648 243 1685 αὐτὴν
260 1650 326 1685 δίχα
370 1654 464 1677 ΘΕΑΙ.
482 1646 558 1676 Καθ
577 1647 658 1677 ὁποῖα
676 1649 740 1686 λέγε.
783 1651 831 1676 ΞΕ.
853 1646 889 1674 Τὸ

93 1694 139 1730 μὲν
165 1690 327 1730 ἇμιλλητικὸν
354 1689 432 1727 αὐτῆς
457 1693 591 1723 τιθέντας,
624 1690 654 1719 τὸ
688 1691 714 1718 δὲ
739 1688 889 1727 μαχητικόν.

95 1739 187 1763 ΘΕΑΙ.
200 1732 280 1762 ''Eu-u.
323 1738 373 1763 ΞΕ.
394 1732 444 1769 Τῆς
461 1735 546 1762 τοίνυν
562 1732 702 1771 μαχητικῆς
719 1731 754 1769 τῷ
770 1734 817 1769 μὲν
835 1744 888 1760 σω-

93 1789 154 1815 ματι
170 1776 237 1815 πρὸς
255 1775 364 1814 σώματα
380 1778 521 1814 γιγνομένῳ
541 1775 633 1811 σχεδὸν
650 1774 719 1806 εἰκὸς
733 1775 776 1802 καὶ
790 1776 891 1811 πρέπον

95 1818 177 1856 ὄνομα
198 1821 279 1857 λέγειν
299 1831 323 1847 τι
344 1818 466 1847 τοιοῦτον
485 1820 650 1855 τιθεμένους,
673 1829 730 1845 οιον
749 1815 890 1853 βιαστικόν.

95 1867 187 1890 ΘΕΑΙ.
212 1863 275 1889 Ναί.
318 1865 367 1889 ΞΕ.
391 1860 433 1898 Τῷ
455 1861 482 1889 δὲ
503 1859 592 1899 λόγοις
608 1859 675 1897 πρὸς
692 1858 786 1897 λόγους
804 1860 829 1886 τί
845 1869 890 1890 τις,

54 1911 70 1929 Β
95 1904 115 1932 ὦ
133 1905 263 1939 Θεαίτητε,
282 1902 344 1931 (mo
363 1906 422 1940 εἴπῃ
440 1902 506 1938 πλὴν
525 1909 528 1923 ¹
549 1900 777 1940 ἆμφιςβητητικόν,·
796 1906 890 1929 ΘΕΑΙ.

98 1944 182 1975 Οὐδέν.
225 1951 274 1975 ΞΕ.
294 1945 330 1974 Τὸ
349 1946 376 1974 δέ
392 1957 422 1984 γε
439 1946 499 1983 περὶ
516 1944 563 1973 τὰς
581 1943 778 1981 ἆμφιςβητήσεις
796 1946 891 1971 θετέον

96 1987 186 2017 διττόν.
231 1993 325 2016 ΘΕΑΙ.
347 1988 407 2025 Πῇ;
450 1992 499 2016 ΞΕ.
521 1985 598 2015 Καθ)
620 1986 686 2015 ὅσον
706 1988 753 2023 μὲν
773 1985 825 2024 γὰρ
848 1987 889 2024 γί-

95 2042 181 2069 γνεται
201 2029 294 2068 μήκεσί
314 2042 341 2058 τε
362 2029 430 2068 πρὸς
452 2031 553 2058 ἐναντία
575 2029 640 2066 μήκη
661 2028 747 2067 λόγων
767 2029 812 2056 καὶ
832 2028 892 2065 περὶ

95 2073 127 2101 τὰ
145 2074 230 2101 δίκαια
247 2073 291 2101 καὶ
309 2071 385 2100 ἄδικα
403 2073 522 2109 δημοσίᾳ,
541 2070 677 2100 δικανικόν.
713 2076 807 2100 ΘΕΑΙ.
828 2072 891 2098 Ναί.

96 2120 143 2144 ΞΕ.
166 2115 203 2144 Τὸ
222 2113 246 2143 ὅ)
264 2118 290 2143 ἐν
308 2114 382 2146 ἰδίοις
400 2110 432 2142 αὖ
450 2115 494 2142 καὶ
511 2116 810 2151 κατακεκερματισμένον
827 2116 889 2150 ἐρω·

95 2156 184 2192 τήσεσι
204 2156 271 2195 πρὸς
292 2155 442 2195 ἀποκρίσεις
462 2156 518 2194 μῶν
538 2156 688 2194 εἰθίσμεθα
716 2158 802 2184 καλεῖν
829 2154 891 2183 ἄλλο

95 2199 159 2234 πλὴν
181 2197 354 2251 ἆνειλογικόν·
398 2204 493 2227 ΘΕΑΙ.
519 2197 605 2227 Οὐδέν.
649 2204 698 2227 ΞΕ.
722 2197 777 2227 Τοῦ
799 2198 826 2226 δὲ
845 2196 890 2226 ἆν-

96 2241 224 2280 τιλογικοῧ
240 2241 271 2270 τὸ
289 2244 336 2279 μὲν
353 2240 419 2270 ὅσον
436 2242 495 2279 περὶ
512 2241 545 2269 τὰ
563 2240 707 2278 ξυμβολαια
726 2239 890 2278 ἆμφιςβητεῒ-

55 2289 71 2309 C
96 2296 138 2312 ται
157 2286 215 2322 μέν,
237 2283 291 2320 εἶκῆ
314 2285 341 2312 δὲ
363 2296 404 2312 και
425 2290 428 2305 ¹
449 2281 559 2319 ατέχνως
580 2284 640 2321 περὶ
658 2281 722 2312 αὐτὸ
741 2281 891 2320 πράττεται,

96 2325 172 2355 τοῦτο
200 2329 296 2355 θετέον
315 2328 363 2364 μὲν
384 2324 463 2359 εῑδος,
491 2327 594 2363 ἐπείπερ
618 2323 681 2354 αὐτὸ
705 2326 837 2364 διέγνωκεν
859 2324 893 2356 ὡς

97 2369 182 2407 ἕτερον
198 2367 229 2398 ὂν
245 2381 260 2398 ο
279 2367 364 2407 λόγος,
377 2366 451 2418 Ιοἰτόιρ
461 2370 613 2418 ἐπωνυμίας
631 2365 693 2397 οὗθ’
709 2366 761 2396 ὑπὸ
781 2366 832 2395 τῶν
847 2368 890 2404 ἑμ-

95 2414 218 2449 προσθεν
244 2412 331 2447 ἔτυχεν
357 2409 417 2440 οὔτε
443 2422 488 2439 νυν
518 2408 560 2447 ὑφ’
591 2409 662 2447 ἦμῶν
693 2413 778 2446 τυχεῖν
810 2408 891 2441 α’ξιον.

96 2458 189 2481 ΘΕΑΙ.
207 2452 317 2489 Λληθῆ·
336 2452 403 2482 κατὰ
422 2453 516 2491 σμικρὰ
533 2452 585 2491 γὰρ
602 2454 660 2481 λίαν
674 2453 718 2480 καὶ
732 2452 891 2480 παντοδαπὰ

96 2494 218 2533 διήρηται.
260 2500 309 2525 ΞΕ.
333 2495 370 2524 Τὸ
394 2496 421 2524 δέ
440 2507 471 2534 γε
493 2496 621 2531 ἔντεχνον,
643 2496 688 2523 καὶ
707 2506 767 2532 περι
789 2495 892 2522 δικαίων

96 2535 180 2566 αὐτῶν
201 2538 244 2566 καὶ
262 2536 356 2566 ἀδίκων
372 2538 417 2566 καὶ
433 2549 493 2573 περι
510 2537 561 2566 τῶν
579 2536 662 2565 α’λλων
679 2536 745 2569 ὅλως
763 2535 889 2574 ἆμφιςβη-

95 2579 164 2613 τοῦν,
183 2574 222 2617 ἄρ’
239 2578 286 2609 οὗκ
304 2580 432 2618 εριστικὸν
450 2581 482 2608 αὖ
500 2582 581 2618 λέγειν
598 2579 762 2617 ειθίσμεθα,·
795 2584 890 2608 ΘΕΑΙ.

335 2627 384 2652 ΞΕ.
405 2622 458 2651 Τοῦ
475 2621 526 2659 μὴν
543 2621 673 2660 ἐριστικοῦ
690 2621 720 2650 τὸ
737 2623 785 2659 μὲν
804 2628 807 2642 ¹
824 2634 889 2659 χρη-

93 2664 309 2702 ματοφθορικόν,
345 2665 375 2693 τὸ
409 2665 436 2693 δὲ
466 2663 669 2702 χρηματιστικὸν
700 2662 732 2692 ὂν
763 2663 890 2702 τυγχάνει.

95 2711 188 2735 enm.
212 2705 375 2736 Παντάπασί
393 2719 432 2746 γε.
476 2712 524 2735 ΞΕ.
549 2706 601 2742 Τὴν
627 2707 772 2744 ἐπωνυμίαν
797 2707 889 2739 τοίνυν,

939 252 968 289 ἢν
994 252 1116 290 ἑκάτερον
1142 254 1179 281 δεῖ
1205 255 1291 281 καλεῖν
1317 250 1414 285 αὐτῶν,
1445 250 1615 289 πειραθῶμεν
1645 249 1734 278 εἰπεῖν.

939 301 1033 324 ΘΕΑΙ.
1055 294 1155 323 Ουκοῦν
1173 308 1231 331 χρη.
1275 299 1323 322 ΞΕ.
1343 293 1419 323 Δοκω
1435 296 1482 331 μὲν
1500 292 1530 321 τό
1547 305 1577 331 γε
1596 290 1624 320 δι’
1641 291 1735 327 ἡδονὴν

938 338 981 373 τῆς
998 338 1057 375 περὶ
1075 338 1156 365 ταῦτα
1176 337 1305 374 διατριβῆς
1323 335 1412 374 ἀμελὲς
1429 335 1479 364 τῶν
1497 335 1596 364 οἰκείων
1613 333 1733 383 γιγνόμε-

939 392 990 411 νον,
1009 392 1068 415 περι
1087 381 1113 407 δὲ
1132 379 1176 414 τὴν
1193 382 1259 411 λέξιν
1277 382 1332 410 τοῖς
1349 381 1456 409 πολλοῖς
1473 378 1523 406 τῶν
1541 375 1689 405 ἀκουόντων
1704 388 1734 404 ου

936 420 999 458 μεθ
1020 420 1111 456 ηδονῆς
1134 420 1294 457 ἆκουομενον
1315 423 1457 449 καλεῖσθαι
1479 419 1545 448 κατὰ
1567 431 1669 458 γνωμην
1691 430 1736 453 την

938 463 998 500 ἐμηι
1020 475 1068 498 ουχ
1091 463 1177 500 ἕτερον
1204 462 1381 497 ἀδολεσχικοῦ.
1426 468 1471 491 ΘΕ
1478 468 1520 489 Η
1547 464 1657 500 Λέγεται
1683 472 1734 509 γαρ

938 506 984 533 οὐν
1002 517 1069 533 ουτω
1086 516 1149 536 πως.
1193 510 1241 532 ΞΕ.
1261 511 1363 533 Τουτου
1382 507 1466 533 τοίνυν
1482 511 1485 525 ¹
1503 503 1597 532 τούναν
1600 505 1660 535 τίον,
1680 501 1733 530 απὸ

938 548 988 575 τῶν
1006 547 1137 575 ἰδιωτικῶν
1159 548 1247 584 ἐρίδων
1265 546 1496 584 χρηματιζόμενον,
1520 559 1545 573 εν
1563 546 1598 583 τῷ
1614 557 1684 585 μερει
1702 545 1734 573 σὺ

1230 593 1325 616 ΘΕΑΙ.
1348 590 1404 616 Καὶ
1426 593 1438 606 *
1456 590 1481 616 τί
1498 593 1509 605 *
1534 599 1570 619 τις
1592 600 1623 615 αν
1646 587 1679 615 αὖ
1696 587 1732 615 εἰ-

937 630 994 659 πὼν
1016 631 1103 668 ἕτερον
1125 629 1172 658 οὗκ
1195 629 1336 680 ἐξαμοξρτω
1357 629 1422 665 πλήν
1446 642 1476 668 γε
1503 630 1549 658 τὸν
1575 627 1735 666 θαυμαστὸν

937 589 1017 626 ΉΕίρῶ
1035 589 1080 617 νῦν
1096 589 1186 616 δῖπᾶἶν.

937 672 1015 701 παλιν
1037 676 1133 701 ἐκεῖνον
1153 672 1222 708 ἥκειν
1244 685 1277 700 αυ
1298 672 1344 700 νῦν
1364 675 1487 710 τέταρτον
1509 672 1555 700 τὸν
1575 670 1732 708 μεταδιωκό-

937 727 1015 753 μενον
1040 713 1082 751 vtp'
1108 713 1179 752 ἡμῶν
1206 726 1347 750 σοφιστηνς

935 756 1138 807 χρηματιστικὸν
1159 759 1244 795 γένος,
1271 755 1306 787 ὦς
1328 758 1420 789 ἔοικεν,

938 800 982 835 ῖῆς
1004 797 1175 849 ἆντιλογικῆξ,
1202 799 1247 834 τῆς
1274 797 1497 836 ἆμφιςβητητικῆς,
1525 798 1569 833 τῆς
1575 797 1735 847 μαχητικῆςέ

938 842 982 877 τῆς
1004 840 1183 880 ἀγωνιστικῆς,
1206 840 1250 876 τῆς
1271 840 1386 876 κτητικῆς
1409 842 1491 873 ἔστιν,
1514 838 1548 871 ὦς
1569 838 1584 868 ὁ
1607 839 1712 891 λόγος
1704 852 1736 867 αυ

937 883 1062 922 μεμήνυκε
1084 883 1141 916 νῦν,
1165 882 1179 912 ὁ
1203 882 1337 933 σρφιστής
1382 888 1476 911 ΘΕΑΙ.
1495 881 1600 930 Κομιδῆ
1617 884 1664 919 μὲι
1682 882 1735 909 ούι.

940 933 1006 954 xm.
1029 931 1078 955 ΞΕ.
1098 924 1174 964 Ορᾷς
1196 926 1253 958 οὖν,
1277 936 1311 957 ως
1333 923 1421 960 ἆληθῆ
1444 927 1543 963 λέγεται
1566 924 1594 952 τὸ
1619 925 1737 952 ποικίλοι

939 981 1004 997 ειναι
1021 968 1099 997 τοῦτο
1118 968 1148 996 τὸ
1168 969 1276 1005 θηρίον,
1299 980 1343 995 και
1360 967 1390 995 τὸ
1408 966 1548 1005 λεγόμενον
1567 964 1598 994 οὗ
1616 965 1646 1003 τῇ
1665 968 1736 1003 ἑτέρα

939 1013 1061 1046 ληπτέον;
1105 1015 1201 1039 ΘΕΑΙ.
1222 1008 1322 1038 Οὗκοῦν
1340 1007 1440 1047 ἆμφοῖν
1455 1008 1512 1047 χρή.
1548 1014 1596 1037 ΞΕ.
1614 1008 1672 1045 Χρὴ
1685 1008 1737 1047 γὰρ

940 1049 998 1086 οὖν,
1017 1054 1060 1081 καὶ
1076 1052 1144 1081 κατὰ
1163 1052 1269 1090 δύναμίν
1285 1064 1315 1090 γε
1334 1051 1401 1080 οὕτω
1419 1054 1551 1086 ποιητέον,
1570 1049 1671 1079 τοιόνδε
1689 1063 1712 1078 τι
1733 1056 1735 1070 ¹

938 1098 1121 1133 μεταθέοντας
1138 1098 1207 1130 ἴχνος
1225 1093 1314 1123 αὐτοῦ.
1332 1096 1377 1122 καί
1391 1106 1437 1132 μοι
1453 1096 1520 1132 λέγε·
1540 1094 1591 1121 τῶν
1608 1092 1739 1121 οἷκετικῶν

940 1136 1076 1175 ὀνομάτων
1098 1137 1226 1174 καλοῦμεν
1247 1136 1314 1165 ἅττα
1335 1149 1401 1170 που;
1446 1142 1540 1164 ΘΕΑΙ.
1562 1136 1618 1163 Καὶ
1640 1135 1736 1163 πολλοὶ·

940 1179 1007 1218 οἷτὰρ
1025 1183 1091 1208 ποῖα
1110 1179 1140 1215 δὴ
1158 1179 1208 1207 τῶν
1225 1178 1329 1207 πολλῶν
1349 1178 1494 1211 πυνθάνεις
1537 1184 1586 1207 ΞΕ.
1607 1177 1645 1205 Τὰ
1664 1177 1736 1205 τοια-

940 1224 979 1255 δε,
1003 1220 1060 1251 οἷον
1082 1223 1185 1257 διηθεῖν
1206 1233 1233 1250 τε
1251 1224 1357 1259 λέγομεν
1375 1222 1418 1249 καὶ
1436 1220 1542 1249 διαττᾶν
1560 1221 1602 1248 καὶ
1621 1219 1739 1258 βράττειν

940 1266 983 1293 καὶ
1005 1266 1147 1316 διακρίνειν.
1192 1269 1287 1292 ΘΕΑΙ.
1312 1265 1343 1291 Τί
1362 1276 1424 1300 μην;
1468 1267 1516 1292 ΞΕ.
1544 1263 1600 1290 Καὶ
1622 1273 1690 1299 προς
1709 1274 1738 1300 γε

940 1318 1042 1338 τουτοις
1061 1308 1096 1335 ἔτι
1114 1308 1220 1339 ξαίνειν,
1243 1305 1377 1344 κατάγειν,
1400 1307 1529 1343 κερκίζειν,
1553 1306 1596 1332 καὶ
1617 1306 1694 1355 μυρία
1714 1317 1739 1332 ει

940 1361 997 1381 ταις
1014 1352 1114 1385 τέχναις
1131 1348 1196 1376 ἄλλα
1214 1348 1323 1376 τοιαῦτα
1340 1347 1430 1376 ἐνόντα
1447 1347 1622 1385 ἐπιστάμεθα.
1647 1348 1660 1382 ἠ
1674 1345 1738 1385 γᾶρς

941 1397 1035 1420 ΘΕΑΙ.
1060 1391 1096 1420 Τὸ
1120 1394 1200 1419 ποῖον
1222 1389 1307 1418 αὐτῶν
1328 1393 1386 1427 πέρι
1413 1391 1553 1427 βουληθεις
1579 1389 1704 1425 δηλῶσαι,
1734 1396 1737 1409 ¹

939 1435 1139 1472 παραδείγματα
1156 1434 1271 1471 προθεὶς
1288 1432 1371 1461 ταῦτα
1386 1433 1452 1460 κατὰ
1468 1431 1572 1460 πάντων
1586 1431 1663 1469 ἢρου;
1690 1436 1738 1459 ΞΕ.

942 1475 1091 1513 Διαιρετικοῖ
1104 1488 1158 1504 που
1172 1475 1205 1504 τὰ
1219 1478 1348 1525 λεχθέντα
1363 1477 1461 1513 εἴρηται
1476 1474 1619 1512 ξύμπαντα.
1645 1478 1739 1502 ΘΕΑΙ.

944 1521 1006 1547 Ναί.

941 1574 973 1590 τα
994 1563 1056 1598 μίαν
1079 1573 1163 1589 ουσαν
1186 1564 1212 1589 ἐν
1230 1559 1315 1588 α’πασι
1332 1562 1420 1595 τέχνην
1438 1559 1494 1591 ἑνὸς
1512 1558 1642 1596 ονόματος
1661 1557 1737 1590 αξιω-

942 1615 1023 1641 σομεν
1041 1602 1127 1639 αὐτήν.
1173 1608 1267 1630 ΘΕΑΙ.
1287 1604 1350 1631 Τίνα
1368 1601 1563 1640 προςειπόντεςς
1608 1606 1655 1629 ΞΕ.
1674 1605 1738 1628 Δια-

941 1645 1059 1683 κριτικήν.
1103 1650 1199 1674 ΘΕΑΙ.
1217 1643 1308 1673 Ἔστω.
1352 1650 1401 1673 ΞΕ,
1423 1643 1522 1672 Σκόπει
1545 1643 1574 1679 δὴ
1596 1642 1690 1678 ταύτης
1708 1643 1741 1671 αὖ

941 1688 987 1717 δύο
1011 1687 1044 1717 ἅν
1064 1700 1102 1725 πῃ
1120 1687 1262 1725 δυνώμεθα
1279 1688 1392 1715 κατιδεῖν
1408 1688 1469 1722 εἴδη.
1514 1691 1608 1714 ΘΕΑΙ.
1629 1689 1741 1721 Ταχεῖαν

942 1742 976 1762 ως
994 1731 1051 1768 ἐμοὶ
1069 1733 1161 1768 σκέψιν
1179 1729 1327 1761 ἐπιταττεις.
1364 1734 1412 1757 ΞΕ
1430 1730 1486 1757 Καὶ
1505 1735 1508 1749 ¹
1527 1728 1577 1777 μὴν
1595 1729 1621 1756 έν
1637 1739 1667 1766 γε
1685 1731 1742 1759 ταῖς

941 1773 1083 1811 εἷρημέναις
1109 1774 1251 1814 διακρίσεσι
1277 1772 1308 1800 τὸ
1333 1774 1380 1809 μὲν
1403 1775 1494 1809 χεῖρον
1525 1770 1578 1799 ἀπὸ
1612 1771 1742 1807 βελτίονος

942 1814 1110 1853 ἆποχωρίζειν
1135 1828 1177 1850 ην,
1204 1814 1233 1843 τὸ
1261 1813 1286 1842 δ’
1313 1813 1405 1851 ὅμοιον
1432 1812 1475 1850 ἀφ’
1501 1812 1602 1850 ὁμοίου.
1647 1818 1740 1841 ΘΕΑΙ

940 1857 1042 1893 Σχεδὸν
1059 1857 1127 1886 οὕτω
1145 1857 1190 1886 νῦν
1207 1859 1303 1892 λεχθὲν
1320 1858 1447 1893 φαίνεται.
1491 1860 1540 1884 ΞΕ.
1561 1855 1611 1891 Τῆς
1623 1857 1671 1892 μὲν
1685 1857 1739 1883 τοί-

942 1913 986 1929 νυν
1009 1899 1093 1937 ὅνομα
1116 1898 1163 1929 οὐκ
1186 1901 1234 1935 ἔχω
1252 1898 1402 1937 λεγόμενον
1430 1898 1474 1934 τῆς
1492 1899 1518 1926 δὲ
1536 1896 1742 1933 καταλειπούσης

940 1945 988 1980 μὲν
1004 1942 1035 1971 τὸ
1055 1944 1154 1980 βέλτιον
1172 1943 1329 1980 διακρίσεως,
1348 1941 1378 1969 τὸ
1398 1942 1424 1969 δὲ
1437 1945 1526 1978 χεῖρον
1542 1939 1742 1976 ιῖποβαλλοιῖσης

943 1986 998 2020 ἔχω.
1043 1990 1138 2014 ΘΕΑΙ.
1157 1987 1224 2023 Λέγε
1242 1985 1273 2012 τί.
1317 1989 1365 2011 ΞΕ.
1383 1983 1468 2011 Πᾶσα
1486 1982 1500 2018 ἡ
1518 1995 1625 2018 τοιαυτη
1643 1981 1740 2019 διιίκρι-

943 2039 995 2060 σις,
1018 2025 1052 2059 ὥς
1070 2027 1119 2066 ἐγὼ
1138 2026 1248 2059 ξυννοω,
1271 2028 1370 2064 λέγεται
1376 2025 1461 2067 παρὰ
1479 2037 1584 2053 παντων
1601 2024 1743 2062 καθαρμός

943 2081 986 2101 τις.
1031 2075 1126 2098 ΘΕΑΙ.
1149 2072 1260 2110 Λέγεται
1280 2080 1333 2107 γαρ
1356 2080 1409 2096 ουν.
1454 2074 1501 2095 ΞΕ.
1522 2074 1525 2088 ¹
1548 2066 1648 2095 Οὖκοῦι
1665 2066 1695 2095 τό
1713 2079 1742 2105 γε

943 2112 1108 2150 καθαρτικὸν
1126 2110 1194 2143 εἶδος
1212 2112 1245 2140 αὖ
1263 2110 1370 2139 διπλουν
1389 2123 1419 2139 ον
1436 2121 1489 2141 πας
1507 2122 1539 2138 αν
1557 2111 1620 2143 ιδοι;
1648 2114 1741 2137 ΘΕΑΙ.

946 2156 1008 2187 Ναί,
1027 2154 1094 2183 κατὰ
1113 2152 1209 2190 σχολην
1225 2167 1243 2192 γ
1266 2156 1338 2184 ισως·
1359 2165 1390 2181 ου
1404 2152 1454 2190 μὴν
1470 2154 1548 2191 ἔγωγε
1563 2151 1676 2189 καθορω
1691 2151 1742 2179 νῦν.

944 2203 1010 2224 XIV.
1032 2201 1081 2226 ΞΕ.
1104 2197 1159 2225 Καὶ
1180 2196 1231 2233 μὴν
1251 2195 1284 2224 τὰ
1306 2196 1366 2233 περὶ
1388 2195 1420 2223 τὰ
1443 2195 1552 2233 σώματα
1579 2194 1664 2223 πολλὰ
1690 2194 1743 2229 εἴδη

943 2238 1105 2277 καθάρσεων
1126 2239 1163 2267 ἑνὶ
1184 2238 1332 2276 περιλαβεῖν
1350 2235 1459 2275 ὀνόματι
1476 2236 1603 2275 προςήκει.
1648 2241 1742 2264 ΘΕΑΙ.

943 2284 1017 2309 Ποῖα
1036 2283 1078 2310 καὶ
1096 2283 1157 2314 τίνι,
1201 2285 1250 2310 ΞΕ.
1271 2279 1310 2308 Τοῖ
1328 2291 1354 2308 τε
1372 2279 1423 2308 τῶν
1438 2279 1514 2313 ζώων,
1534 2279 1586 2308 ὅσα
1603 2278 1674 2310 ἐντὸς
1689 2291 1741 2306 σω-

941 2322 1031 2361 μοῖτων
1052 2323 1104 2352 ὑπὸ
1127 2322 1300 2362 γυμναστικῆς
1322 2322 1436 2360 ἰατρικῆς
1457 2335 1484 2350 τε
1503 2321 1595 2359 ὀρθῶς
1613 2320 1741 2358 διακρινό-

941 2378 1007 2403 μενοι
1025 2371 1038 2384 *
1056 2368 1215 2403 καθαίρεται
1236 2366 1281 2394 καὶ
1301 2376 1361 2415 περι
1383 2363 1488 2397 τακτός,
1511 2365 1592 2393 εἰπεῖν
1608 2365 1655 2413 μὲν
1672 2362 1741 2399 φαῦ-

943 2411 988 2442 λα,
1008 2407 1060 2437 ὅσα
1079 2408 1245 2445 βαλανευτικὴ
1262 2410 1413 2445 παρέχεται·
1433 2420 1476 2435 και
1494 2407 1544 2436 τῶι
1563 2416 1671 2443 αψυχων
1689 2417 1741 2433 σω»

941 2463 1044 2488 ματων,
1071 2452 1107 2479 ὠν
1131 2450 1287 2489 γναφευτικὴ
1314 2462 1358 2477 και
1384 2449 1509 2487 ξύμπασα
1536 2447 1676 2486 κοσμητικὴ
1699 2447 1744 2483 τὴν

944 2495 1087 2529 ἐπιμέλειαν
1107 2495 1270 2531 παρεχομένη
1292 2491 1358 2520 κατὰ
1377 2492 1472 2529 σμικρὰ
1491 2491 1574 2520 πολλὰ
1593 2503 1636 2519 και
1652 2492 1743 2528 γελοῖα

943 2536 1071 2565 δοκοῦντα
1103 2533 1227 2588 ὀνόματα
1253 2536 1319 2576 έσχε.
1369 2539 1463 2563 ΘΕΑΙ.
1496 2533 1581 2562 ΙΙΙιίλα
1612 2545 1649 2571 γε.
1694 2538 1742 2561 ΞΕ.

942 2577 1106 2607 Πανταπασι
1126 2580 1173 2615 μὲν
1195 2590 1253 2610 ουν,
1277 2578 1297 2606 ὠ
1318 2579 1450 2612 Θεαίτητε.
1479 2575 1543 2604 ἀλλὰ
1565 2575 1616 2628 γὰρ
1639 2574 1670 2611 τῆ
1693 2574 1744 2603 τῶν

941 2620 1026 2658 λογων
1046 2619 1156 2658 μεθοδῳ
1179 2619 1366 2658 σπογγιστικῆς
1386 2618 1401 2654 ἢ
1423 2619 1646 2656 φαρμακοποσίας
1669 2615 1744 2645 ουδέν

941 2676 1020 2699 ηττον
1037 2661 1098 2692 ουδέ
1113 2675 1138 2691 τι
1153 2662 1254 2700 μᾶλλον
1276 2662 1394 2701 τυγχάνει
1415 2664 1505 2698 μέλον,
1529 2661 1550 2689 εἰ
1572 2661 1598 2688 τὸ
1617 2661 1664 2696 μὲν
1682 2672 1740 2696 σμι-

941 2705 1002 2744 κριὶ,
1025 2705 1055 2734 τὸ
1078 2706 1105 2733 δὲ
1125 2705 1227 2744 μεγάλα
1250 2704 1316 2742 ἡμᾶς
1333 2703 1426 2741 ωφελεῖ
1443 2708 1585 2741 καθαῖροι.
1612 2701 1659 2731 τοῦ
1677 2714 1737 2737 κτη-

1448 756 1572 793 ἐριστικῆς
1594 755 1624 784 ὂν
1642 758 1734 790 τέχνης,

1044 1523 1092 1547 ΞΕ.
1110 1517 1189 1546 Κατὰ
1207 1518 1254 1546 τὸν
1272 1517 1333 1555 ἐμὸν
1350 1519 1436 1546 τοίνυν
1454 1516 1533 1555 λόγον
1550 1515 1584 1548 ὦς
1602 1517 1661 1554 περὶ
1676 1515 1737 1543 ταῦ-

1391 720 1440 742 ER
1465 713 1545 742 Ουδὲν
1567 712 1619 741 αλλ’
1641 712 1655 749 ἢ
1674 713 1703 741 τὸ
1723 718 1734 730 *
1762 718 1785 734 ‘-'‘-'

1769 1730 1785 1747 Ι)

1771 2366 1804 2383 ¹2¹2:
