1998 3084
53 1110 88 1129 ⁶44

73 1490 90 1509 B

54 2221 69 2290 >Vk-.-

41 2405 89 2492 ,I-J-

656 179 714 204 DE
756 179 1007 206 LEGIBUS

117 262 178 287 καῖα
195 259 426 295 προμεμαθηκέναι
442 255 660 309 προμανθαιειν,
669 255 725 286 οἷον
743 261 847 287 τέκτονα
860 271 907 296 με-

117 304 185 339 τρεῖν
201 299 217 336 ἢ
235 300 418 337 σταθμᾶσθαι
434 300 478 326 καὶ
495 299 660 336 πολεμικὸν(
652 299 767 329 ιππεύειν
784 303 908 333 παίζοντα

115 341 131 378 ἥ
149 355 173 371 τι
189 343 239 370 τῶν
255 353 379 370 τοιουτων
397 339 458 369 α’λλο
477 341 616 391 ποιοῦντα,
641 354 684 369 και
701 342 849 395 πειρᾶσθαι
867 343 908 371 διὰ

115 385 166 413 τῶν
186 383 295 412 παιδιῶν
316 386 395 411 ἐκεῖσε
418 385 517 420 τρέπειν
534 383 581 414 τὰς
597 382 692 419 ἡδονὰς
708 385 751 412 καὶ
769 387 909 422 ἐπιθυμίας

115 426 165 455 τῶν
185 426 296 458 παίδων,
324 423 350 453 οἷ
370 423 540 462 ἀφικομένους
562 424 656 457 αὐτοὺς
678 427 716 454 δεῖ
743 429 811 458 τέλος
837 429 908 462 ἔχειν.

115 467 256 504 κεφάλαιον
273 466 302 502 δὴ
319 467 437 498 παιδείας
454 469 560 505 λέγομεν
579 475 583 488 ¹
602 468 647 502 τὴν
664 466 751 506 ὀρθὴν
768 468 874 507 τροφήν,
892 469 907 504 ἢ

115 510 162 539 τοῦ
179 511 315 542 παίζοντος
331 508 377 544 τὴν
393 508 478 546 ψυχὴν
494 509 530 540 εἷς
549 511 630 547 ἔρωτα
649 509 664 539 ὅ
681 523 705 538 τι
720 511 834 548 μαλιστα
854 511 907 543 ἄξει

114 551 220 584 wv'wv,
244 550 259 579 ὅ
281 549 365 586 δεήσει
386 550 525 589 γενόμενον
547 551 617 589 ἄνδρ’
636 551 715 581 αὐτὸν
732 556 826 581 τέλειον
843 552 908 582 εἶναι

114 594 158 630 τῆς
178 593 226 622 τοῦ
246 592 401 631 πράγματος
424 591 521 631 ἇρετῆς.
549 593 626 631 ὁρᾶτε
645 595 698 643 οὖν,
716 595 739 623 εἰ
754 598 828 633 μέχρι
845 594 906 624 τού-

113 648 161 664 του
185 647 227 685 γε,Ι
253 634 317 673 όπερ
339 639 426 668 εἷπον,
451 634 512 672 ὑμῖν
534 634 634 673 ἀρέσκει
656 637 686 664 τὸ
709 639 808 672 λεχθέν.
853 642 906 666 KA.

113 677 177 709 Πῶς
196 677 248 716 γὰρ
271 689 315 711 ου,-
358 683 415 706 ΑΘ
438 677 486 713 Μὴ
508 680 593 706 τοίνυν
609 677 669 727 μηδ’
687 679 702 707 ὅ
720 682 825 717 λέγομεν
843 678 907 707 εἶναι

113 720 231 748 παιδείαν
249 717 374 757 αόριστον
390 722 498 758 γένηται.
526 721 569 748 νῦν
586 721 637 759 γὰρ
655 719 817 754 ὀνειδίζοντες
832 725 904 749 ἐπαι-

113 762 215 793 νοῦντές
235 759 265 790 θ
286 761 402 790 εκάστων
423 762 470 793 τὰς
492 762 592 799 τροφὰς
612 765 718 801 λέγομεν
740 774 774 794 ως
794 763 840 792 τὸν
860 766 907 800 μὲν

113 803 343 841 πεπαιδευμένον
331 804 401 841 ημῶν
419 803 482 832 όντα
500 803 569 837 τινά,
592 804 638 833 τὸν
660 806 686 833 δὲ
709 803 875 838 απαίδευτον,
900 811 904 826 ¹

113 848 192 874 ἐνίοτε
209 849 245 877 εἴς
261 858 288 874 τε
306 848 445 881 καπηλείας
461 847 505 874 καὶ
522 849 673 883 ναυκληρίας
689 849 732 875 καὶ
751 846 833 876 ἄλλων
850 860 903 876 τοι-

114 887 195 918 ούτων
220 888 291 925 μάλα
317 889 523 926 πεπαιδευμένων
550 888 654 925 σφόδρα
682 888 842 927 ἀνθρώπων·
876 888 907 918 οὗ

111 930 163 970 γὰρ
179 930 263 959 ταῦτα
280 929 437 969 ἡγουμένων,
460 929 494 962 ὦς
511 929 579 963 ἔοικ’,
602 929 666 959 εἶναι
686 933 805 960 παιδείαν
827 930 842 960 ὃ
864 932 908 959 νῦν

113 971 191 1012 λόγος
208 971 240 1001 ἂν
257 975 303 1008 εἴη,
320 972 367 1008 τὴν
384 973 411 1000 δὲ
428 972 495 1010 πρὸς
513 971 605 1010 ἀρετὴν
622 977 648 1000 ἐκ
666 975 765 1001 παίδων
779 975 907 1007 παιδείαν,

112 1014 243 1044 ποιοῦσαν
266 1013 427 1052 ἐπιθῦμητήν
443 1026 470 1043 τε
487 1016 531 1042 καὶ
549 1015 658 1052 ἐραστὴν
674 1015 722 1044 τοῦ
739 1018 845 1051 πολίτην
861 1028 905 1054 γε-

112 1060 210 1086 νέσθαι
230 1059 327 1090 τέλεον,
354 1056 440 1094 ἄρχειν
461 1069 488 1085 τε
510 1058 554 1085 καὶ
577 1056 711 1106 ἄρχεσθαι
737 1057 908 1107 ἐπισταμενον

111 1099 176 1138 μετὰ
195 1100 269 1135 δίκης.
296 1098 390 1134 ταύτην
407 1099 452 1134 τὴν
470 1099 568 1137 τροφὴν
586 1098 779 1137 ἀφορισάμενος
797 1105 810 1117 *
828 1099 841 1128 ὁ
860 1099 905 1128 λό-

112 1153 160 1181 γος
181 1142 269 1174 οὗτος,
291 1140 325 1173 ὦς
347 1142 403 1178 ἐμοὶ
420 1143 550 1177 φαίνεται,
573 1142 618 1169 νῦν
640 1141 750 1178 βούλοιτ’
774 1141 806 1170 ἂν
826 1141 907 1179 μόνην

112 1185 231 1212 παιδείαν
247 1182 456 1234 προςαγορεύειν,
475 1183 520 1219 τὴν
538 1184 565 1211 δὲ
582 1183 619 1215 εἷς
633 1184 754 1233 χρήματα
772 1187 907 1213 τείνουσαν

113 1225 128 1262 ἢ
145 1239 202 1255 τινα
219 1226 286 1264 πρὸς
304 1226 378 1262 ἶσχον
394 1224 410 1261 ἦ
428 1227 471 1253 καὶ
488 1225 554 1264 πρὸς
570 1225 647 1262 ἄλλην
662 1227 717 1254 τινα
734 1229 831 1264 σοφίαν
847 1226 907 1255 ἄνευ

113 1268 159 1298 νοῧ
180 1269 224 1298 καὶ
245 1269 314 1304 δίκης
335 1267 468 1306 βαναυσόν
489 1266 509 1296 τ’
530 1266 596 1296 εἶναι
612 1270 655 1296 καὶ
674 1268 847 1307 ἀνελεύθερον
865 1271 907 1297 καὶ

114 1309 160 1341 m'm
181 1309 256 1343 ἇξίαν
277 1310 306 1339 τὸ
328 1310 456 1348 παράπαν
477 1312 596 1339 παιδείαν
613 1314 763 1340 καλεῖσθαι,
790 1311 860 1349 ἡμεῖς
878 1311 907 1347 δὴ

111 1354 190 1392 μηδὲν
207 1352 316 1391 ὀνόματι
334 1351 508 1390 διαφερώμεθ’
527 1353 626 1387 αὐτοῖς,
650 1352 701 1381 ἀλλ’
719 1354 733 1383 ὁ
752 1355 796 1382 νῦν
814 1354 843 1389 δὴ
862 1353 905 1382 λό-

112 1407 160 1435 γος
176 1394 235 1434 ἡμῖν
253 1394 430 1434 ὁμολογηθεὶς
445 1398 548 1433 μενέτω,
567 1394 601 1427 ὡς
619 1398 645 1424 οἵ
659 1408 690 1434 γε
705 1395 796 1434 ὀρθῶς
810 1408 906 1424 πεπαι-

114 1439 226 1476 δευμένοι
244 1438 338 1474 σχεδὸν
357 1436 460 1476 ἆγαθοῖ
473 1440 612 1477 γίγνονται,
631 1440 674 1467 καὶ
689 1441 726 1467 δεῖ
741 1439 770 1474 δὴ
785 1437 830 1473 τὴν
844 1451 906 1466 παι-

115 1481 184 1509 δείαν
202 1487 206 1501 ¹
223 1479 346 1518 μηδαμοῦ
365 1478 506 1517 ἀτιμάζειν,
528 1479 562 1511 ὡς
579 1481 683 1518 πρῶτον
700 1482 750 1509 τῶν
767 1483 908 1509 καλλίστοιν

115 1527 169 1555 τοῖς
190 1521 306 1560 ἀρίστοις
333 1521 443 1560 ἀνδράσι
468 1522 704 1561 παραγιγνόμενον·
732 1525 776 1551 καὶ
801 1527 828 1551 εἴ
848 1521 906 1552 ποτ’

115 1567 251 1603 ἐξέρχεται,
271 1564 381 1593 δυνατὸν
398 1563 422 1592 δ
439 1566 509 1593 ἐστὶν
527 1566 765 1614 ἐπανορθοῦσθαι,
783 1564 851 1594 τοῦτ’
869 1564 909 1594 ἆεὶ

105 1606 240 1646 ’δραστέον
257 1606 299 1635 διὰ
318 1608 375 1644 βίου
391 1608 470 1656 παντὶ
487 1607 554 1636 κατὰ
572 1607 684 1645 δύναμιν.
728 1613 782 1636 ΚΛ
798 1606 908 1646 Ὀρθῶς,

115 1662 158 1678 και
179 1649 360 1689 συγχωροῦμεν
383 1648 399 1677 ἆ
420 1652 505 1688 λέγεις.
549 1655 605 1678 ΑΘ.
627 1652 683 1679 Καὶ
703 1651 753 1689 μὴν
773 1649 855 1678 παλαι
880 1662 909 1688 γε

117 1691 328 1731 ωινεχωρήσαμεν
349 1690 384 1724 ὦς
406 1690 519 1731 ἀγαθῶν
535 1695 582 1730 μὲν
600 1691 680 1721 όντων
698 1694 748 1721 τῶν
767 1694 910 1730 δυναμένων

117 1747 202 1773 αρχειν
223 1734 319 1767 αὐτῶν,
342 1734 427 1762 κακῶν
445 1736 471 1763 δὲ
488 1735 539 1763 τῶν
554 1734 597 1772 μή.
641 1741 695 1764 KA
713 1738 803 1774 Λέγεις
821 1734 907 1773 ορθά-

116 1790 189 1806 τατα.
231 1781 288 1806 ΑΘ.
310 1779 480 1815 Σαφέο-τερον
499 1778 534 1805 ἔτι
552 1779 637 1806 τοίνυν
655 1777 822 1815 ἀναλάβωμεν
840 1775 908 1806 τοῦτ’

118 1817 182 1848 αὗτὸ
200 1819 216 1848 ὅ
233 1821 258 1848 τί
273 1831 339 1848 ποτε
360 1822 473 1858 λέγομεν.
498 1826 502 1839 ¹
525 1821 569 1847 καί
583 1832 629 1857 μοι
648 1819 677 1848 δι’
695 1820 794 1852 εἶκόνος
813 1819 908 1848 ἀποδέ-

117 1864 204 1895 ξασθε
222 1860 267 1890 ἐάν
283 1873 338 1893 πως
355 1862 463 1893 δυνατὸς
478 1860 539 1899 ’ὖμῖν
554 1865 666 1900 γένωμαι
681 1863 794 1898 δηλῶσαι
810 1863 838 1891 τὸ
854 1874 908 1890 τοι-

118 1904 202 1933 οῦτον.
244 1910 311 1932 Xlll.
328 1909 382 1932 KA.
400 1907 466 1943 Λέγε
483 1904 572 1941 μόνον.
616 1909 672 1933 ΑΘ.
691 1904 790 1934 Οὐκοῦν
808 1905 851 1932 ἕνα
865 1907 912 1942 μὲν

117 1945 188 1984 ἡμῶν
204 1946 313 1976 ἕκαστον
331 1945 411 1975 αὐτὸν
428 1946 557 1984 τιθῶμεν,·
600 1952 653 1975 KA.
674 1949 736 1975 Ναί.
780 1952 837 1976 ΑΘ.
856 1946 911 1975 Δύο

119 1989 145 2018 δὲ
162 1991 312 2027 κεκτημένον
329 1992 354 2017 ἐν
373 1987 441 2026 αὐτῷ
457 1988 589 2026 ξυμβούλω
606 1991 709 2018 ἐναντίω
725 2002 752 2018 τε
766 1991 810 2018 καὶ
825 1989 909 2027 α’φρο-

118 2042 156 2064 νε,
178 2030 198 2059 ἆτ’
218 2030 445 2070 προςαγορεύομεν
466 2031 559 2067 ἡδονὴν
576 2033 620 2060 καὶ
636 2032 730 2068 λυπηνς
773 2037 826 2060 KA.
842 2031 913 2060 Ἔστι

119 2073 207 2102 ταῦτα.
249 2079 306 2102 ΑΘ.
327 2073 403 2111 Πρὸς
422 2075 448 2102 δὲ
465 2073 569 2103 τούτοιν
587 2072 685 2112 ἀμφοῖν
703 2070 736 2103 αὖ
754 2074 833 2107 δόξας
848 2077 910 2111 μελε

119 2115 225 2149 λόντων,
247 2114 286 2145 οἷν
307 2115 394 2144 κοινὸν
413 2119 460 2153 μὲν
483 2115 566 2154 ὄνομα
589 2119 669 2150 ἐλπίς,
693 2118 758 2146 ἴδιον
780 2118 806 2145 δὲ
828 2116 912 2153 φόβος

117 2160 164 2196 μὲν
179 2157 195 2194 ἦ
212 2158 264 2212 πρὸ
281 2157 362 2194 λύπης
379 2160 454 2191 ἐλπίς,
473 2157 579 2197 θάρρος
597 2158 654 2187 δὲ
641 2172 656 2194 η
677 2166 680 2180 ¹
699 2159 751 2197 πρὸ
770 2160 817 2188 τοῦ
836 2163 909 2187 ἐναν-

119 2202 180 2229 τίου.
207 2202 248 2229 ἐπὶ
270 2201 298 2229 δὲ
313 2200 381 2228 πᾶσι
398 2200 501 2232 τούτοις
517 2201 654 2239 λογισμός,
678 2202 693 2230 ὅ
711 2204 736 2230 τί
751 2200 809 2230 ποτ’
827 2200 911 2230 αὐτῶν

119 2241 222 2293 ἄμεινον
241 2241 258 2278 ἢ
276 2246 375 2280 χεῖρον·
404 2242 433 2274 ὅς
449 2242 588 2281 γενόμενος
605 2243 690 2294 δόγμα
707 2243 807 2275 πόλεως
824 2243 911 2273 κοινὸν

118 2284 197 2323 νόμος
217 2284 407 2322 ἐπωνόμασται.
450 2291 505 2313 KA
527 2285 617 2324 Μόγις
635 2289 682 2323 μέν
702 2298 758 2318 πως
775 2289 910 2323 ἐφέπομαι,

119 2330 173 2366 λέγε
193 2327 242 2365 μὴν
263 2327 294 2356 τὸ
314 2327 381 2364 μετὰ
402 2328 484 2356 ταῦτα
506 2338 540 2359 ως
561 2330 695 2379 ἑπομένου.
738 2335 794 2356 ME.
812 2330 868 2357 Καὶ
886 2332 912 2356 ἐν

121 2371 176 2408 ἐμοι
191 2369 242 2408 μὴν
259 2367 338 2398 ταυτὸ
356 2381 434 2398 τουτο
453 2368 573 2401 πάθος’
565 2372 607 2398 ε’νι.
642 2376 699 2399 ΑΘ.
716 2372 785 2409 Περι
803 2371 832 2406 δη
848 2383 909 2399 του-

118 2424 169 2441 των
189 2411 372 2449 διανοηθῶμεν
394 2410 496 2440 οὖτωσί.
523 2412 618 2450 θαῦμα
638 2415 686 2450 μὲν
708 2413 817 2442 ἕκαστον
840 2412 912 2450 ἡμῶν

118 2453 280 2509 ἡγησώμεθα
297 2454 348 2483 τῶν
365 2453 434 2487 ζώων
452 2456 537 2487 θεῖον,
555 2457 605 2483 εἴτε
624 2454 658 2487 ὦς
673 2457 794 2494 παίγνιον
812 2457 911 2484 ἐκείνων

119 2499 168 2526 ειτε
189 2496 223 2528 ὡς
244 2496 346 2534 σπουδῇ
367 2497 416 2525 τινὶ
433 2496 595 2532 ξυνεστηκός·
621 2495 652 2526 οὗ
669 2497 720 2536 γὰρ
739 2497 768 2534 δὴ
785 2497 865 2527 τοῦτο’
882 2510 911 2536 γε

119 2549 303 2577 γιγνωσκομεν’
329 2545 333 2559 ¹
355 2538 415 2567 τόδε
434 2540 486 2567 δὲ’
479 2551 563 2576 ισμεν,
582 2538 622 2567 ὅτι
639 2539 721 2569 ταῦτα
738 2540 772 2568 τὰ
788 2539 869 2593 παθη
887 2544 913 2568 έν

119 2579 178 2618 ἡμῖν
199 2593 256 2610 οιον
276 2580 354 2618 νεῦρα
373 2579 389 2616 ἢ
412 2580 556 2619 σμήρινθοί
576 2593 640 2613 τινες
658 2583 762 2612 ἐναῦσαι
781 2583 869 2612 σπῶσί
885 2594 912 2611 τε

119 2621 185 2660 ἡμᾶς
210 2624 254 2651 καὶ
279 2621 396 2657 ἀλλήλαις
423 2622 595 2652 ἀνθέλκουσιν
622 2626 732 2654 ἐναντίαι
764 2626 842 2654 οὖσαι
874 2623 911 2653 ἐπ’

122 2666 236 2696 ἐναντίας
255 2663 372 2702 πραξεις,
399 2677 430 2694 ου
453 2665 482 2700 δὴ
505 2666 653 2704 διωρισμένη
676 2665 752 2705 ἆρετὴ
773 2669 816 2695 καῖ
837 2669 912 2696 κακία

121 2710 208 2736 κεῖται.
233 2708 279 2744 μιᾷ
300 2706 352 2745 γάρ
373 2719 452 2743 φησιν
474 2707 488 2736 ὃ
511 2706 589 2746 λόγος
611 2709 662 2737 δεῖν
679 2711 729 2738 τών
747 2710 836 2741 ἕλξεων
853 2713 911 2742 ξυν-

1048 181 1065 206 L
1088 181 1096 206 1
1119 181 1146 207 B.
1188 182 1207 208 Ι.
1701 184 1745 209 394

959 259 1085 297 επόμενον
1107 258 1146 288 ἀεὶ
1168 261 1210 287 καὶ
1230 261 1334 298 μηδαμῇ
1358 259 1562 300 ἆπολειπόμενον
1584 265 1675 298 ἐκείνης
1702 261 1747 290 ἆν-

963 305 1061 330 θέλκειν
1080 306 1134 334 τοῖς
1152 301 1237 333 ἄλλοις
1254 303 1352 341 νεύροις
1370 304 1487 338 ἕκαστον,
1497 304 1600 357 ταύτην
1615 310 1627 323 ⁸
1643 303 1667 332 δ’
1684 303 1749 333 εἶναι

960 344 1003 379 τὴν
1021 344 1067 373 τοῦ
1085 345 1211 382 λογισμοῦ
1230 343 1332 383 αγωγὶμ
1347 346 1445 383 χρυσῆν
1462 348 1505 374 καῖ
1527 347 1609 385 ἱερήν,
1632 346 1676 383 τῆς
1696 345 1748 375 πό-

958 390 1019 418 λεως
1041 386 1128 414 κοινὸν
1149 386 1230 435 νόμον
1250 390 1458 425 ἐπικαλουμένην,
1487 388 1565 421 αλλας
1591 391 1617 418 δὲ
1639 389 1751 427 σκληρὰς

958 442 1001 456 και
1019 428 1136 466 σιδηροῖς,
1160 428 1204 463 τὴν
1222 430 1248 457 δὲ
1265 430 1382 466 μαλακὴν
1404 430 1447 458 α’τε
1467 432 1565 469 χρυσῆν
1587 444 1681 464 ουσαν,
1705 431 1751 463 τὰς

958 472 984 499 δὲ
1004 469 1081 501 α’λλας
1097 471 1277 502 παντοδαποῖς
1294 472 1415 500 εἴδεσιν
1404 474 1504 509 ομοίας
1525 475 1576 501 δεῖν
1594 474 1623 509 δὴ
1641 474 1672 511 τῇ
1687 476 1748 501 καλ-

957 515 1031 549 λίστῃ
1050 511 1138 550 αγωγῇ
1156 512 1188 549 τῇ
1206 513 1252 540 τοῦ
1269 512 1351 564 νόμου
1369 513 1409 542 ἀει
1426 515 1618 553 ξυλλαμβάνειν
1638 527 1682 544 ατε
1698 515 1750 554 γὰρ

958 556 1004 582 τοῦ
1022 554 1148 592 λογισμοῦ
1166 554 1246 582 καλοῦ
1262 557 1309 592 μὲν
1331 555 1416 589 ὀντος,
1438 557 1526 595 πράου
1548 559 1574 586 δὲ
1596 571 1639 586 και
1661 556 1692 586 οὗ
1710 559 1748 595 βι-

959 599 1029 629 αίου,
1053 594 1191 624 δεῖσθαι(
1177 597 1310 633 υπηρετῶν
1328 596 1408 626 αυτοῦ
1426 599 1471 634 τὴν
1489 598 1601 638 ἀγωγήν,
1626 599 1696 632 ὅπως
1720 599 1751 628 ἄν

957 638 1016 676 ἡμῖν
1038 638 1067 666 τὸ
1088 637 1204 675 χρυσοῦν
1223 641 1298 676 γένος
1318 640 1374 676 νικᾷ
1396 653 1427 668 τα
1447 640 1510 669 ἀλλα
1527 644 1593 690 γένη.
1620 644 1663 670 καὶ
1681 642 1750 671 οὕτω

958 680 987 716 δὴ
1009 692 1068 717 περι
1091 686 1095 700 ¹
1119 679 1265 717 θαυματων
1286 680 1320 712 ὦς
1338 681 1418 710 ὄντων
1436 682 1504 719 ἡμῶν
1522 684 1535 711 ὁ
1553 684 1644 720 μῦθος
1662 684 1752 722 αρετῆς

958 725 1122 759 σεσωσμένος
1144 735 1175 750 αν
1197 725 1246 758 εἴη,
1268 735 1311 750 και
1333 724 1362 752 τὸ
1368 726 1488 777 κρείττω
1510 727 1602 754 ἑαυτοῦ
1625 739 1667 754 και
1686 726 1751 761 η’ττω

957 763 1022 793 εἶναι
1040 763 1139 802 τρόπον
1155 776 1212 792 τινα
1230 765 1344 802 φανερὸν
1362 779 1394 794 αν
1410 769 1524 805 γίγνοιτο
1541 768 1668 805 μᾶλλον
1659 782 1672 797 ο
1690 773 1750 801 νοεῖ,

957 808 1000 834 καὶ
1024 806 1063 835 ὅτι
1084 805 1160 834 πόλιν
1181 808 1224 834 καὶ
1246 806 1353 843 ἶδιώτην,
1377 809 1422 836 τὸν
1437 812 1484 846 μὲν
1501 809 1580 848 λόγον
1598 809 1686 846 ἀληθῆ
1703 814 1749 839 λα-

959 848 1037 886 βόντα
1061 852 1086 876 ἐν
1107 848 1188 886 ἑαυτῷ
1209 850 1269 887 περὶ
1290 850 1341 878 τῶν
1362 851 1451 882 ἕλξεων
1472 864 1570 880 τουτων
1588 865 1669 890 τουτῳ
1687 853 1750 882 ἐπό-

957 903 1035 929 μενον
1057 892 1096 919 δεῖ
1116 891 1171 926 ζῆν,
1195 891 1271 919 πόλιν
1292 893 1319 920 δὲ
1340 891 1355 928 ἢ
1377 893 1449 930 παρὰ
1472 894 1544 922 θεῶν
1562 895 1630 926 ming
1648 894 1661 930 ἦ
1679 908 1752 933 παρα

958 933 1053 962 τούτου
1069 933 1117 962 τοῦ
1133 932 1242 971 γνόντος
1263 934 1344 962 ταῦτα
1366 934 1445 973 λόγον
1465 938 1684 974 παραλαβοῦσαν,
1707 936 1750 966 νό-

956 987 1007 1012 μον
1025 978 1144 1012 θεμέιην,
1165 974 1228 1012 αὐτῇ
1247 988 1274 1004 τε
1293 975 1388 1013 ομιλεῖν
1405 979 1449 1005 καὶ
1466 982 1522 1010 ταῖς
1538 978 1625 1011 αλλαις
1639 979 1752 1008 πόλεσιν.

959 1030 1025 1046 ουτω
1043 1030 1086 1044 και
1103 1019 1179 1045 κακία
1198 1018 1227 1053 δὴ
1244 1019 1288 1046 καὶ
1306 1017 1383 1056 αρετὴ
1403 1026 1407 1040 ¹
1427 1023 1588 1058 σαφέστερον
1605 1022 1664 1059 ἡμῖν
1682 1023 1750 1060 διηρ-

958 1062 1096 1098 θρωμένον
1119 1058 1150 1087 ἄν
1176 1063 1221 1095 εἴη.
1233 1064 1433 1102 ἐναργεστέρου
1460 1061 1483 1090 δ
1510 1062 1590 1091 αυτοῦ
1615 1067 1754 1102 γενομένου

957 1114 1000 1130 και
1021 1102 1125 1130 παιδεία
1147 1114 1190 1129 και
1212 1103 1291 1130 ταλλα
1314 1103 1525 1157 ἐπιτηδευματα’
1518 1117 1579 1137 ισως
1598 1107 1669 1134 ἔσται
1685 1107 1751 1144 μᾶλ-

956 1147 1003 1173 λον
1020 1145 1168 1180 καταφανῆ,
1191 1145 1234 1172 καὶ
1256 1144 1285 1180 δὴ
1307 1158 1350 1173 και
1372 1146 1401 1174 τὸ
1424 1148 1482 1184 περὶ
1501 1148 1543 1183 τῆς
1561 1160 1586 1176 εν
1604 1152 1658 1179 τοῖς
1676 1151 1754 1180 οἴνοις

958 1186 1128 1224 διατριβῆς,
1118 1185 1133 1214 ό
1152 1187 1299 1222 δοξασθείη
1316 1190 1362 1224 μέν
1381 1187 1412 1216 ἆν
1429 1201 1493 1217 ειναι
1510 1189 1612 1226 φατ’λου
1629 1193 1687 1228 πέρι
1702 1191 1748 1228 μῆ-

957 1240 1002 1260 κος
1019 1230 1086 1258 πολὺ
1105 1227 1188 1266 λόγων
1204 1229 1325 1267 περιττὸν
1340 1230 1471 1268 εἷρημένον
1487 1249 1527 1252 —
1546 1238 1598 1260 KA.
1618 1235 1711 1268 Φανείη
1727 1234 1753 1261 δὲ

958 1269 1013 1306 τάχ’
1031 1270 1063 1300 ἂν
1081 1275 1143 1302 ἴσως
1160 1272 1206 1299 τοῦ
1222 1271 1320 1308 μήκους
1335 1271 1358 1310 γ’
1376 1272 1460 1302 αυτῶν
1478 1286 1524 1302 ουκ
1543 1273 1662 1307 απαξιον.
1696 1281 1753 1304 ΑΘ

959 1314 996 1342 Εὐ
1013 1316 1099 1353 λέγεις,
1118 1326 1162 1341 και
1178 1316 1337 1351 περαίνωμεν
1355 1314 1370 1343 ὅ
1387 1317 1412 1343 τί
1425 1328 1473 1353 περ
1490 1329 1521 1344 αν
1536 1317 1579 1353 τῆς
1592 1329 1622 1355 γε
1638 1318 1681 1345 νῦν
1696 1319 1751 1345 δια-

959 1356 1045 1394 τριβῆς
1067 1356 1140 1389 ἄξιον
1160 1358 1284 1394 γίγνηται.
1328 1363 1381 1385 KA
1404 1361 1470 1396 Λέγε
1498 1357 1534 1394 δή.
1578 1366 1644 1387 MV.
1667 1365 1722 1388 ΑΘ
1749 1367 1752 1380 ¹

958 1402 1155 1437 Προςφεροντες
1176 1399 1212 1436 τῷ
1234 1398 1353 1435 θαυιιατι
1371 1412 1453 1428 τουτο)
1472 1401 1516 1436 τὴν
1531 1404 1618 1455 μεθην
1635 1401 1714 1431 ποῖόν
1731 1404 1756 1430 τί

958 1453 1022 1469 ποτε
1042 1440 1105 1470 αυτὸ
1125 1438 1343 1478 απεργαζόμεθας
1386 1448 1439 1470 KA
1458 1443 1533 1479 Πρὸς
1550 1445 1575 1472 τί
1591 1445 1618 1472 δὲ
1636 1456 1752 1473 σκοπου-

957 1495 1035 1520 μενος
1057 1482 1121 1512 αυτὸ
1145 1484 1318 1521 ἐπανερωτᾷς,·
1362 1489 1419 1513 ΑΘ.
1445 1483 1523 1513 Ουδὲν
1546 1498 1587 1514 πω
1605 1486 1672 1524 πρὸς
1689 1487 1704 1515 ὅ
1722 1499 1752 1519 τι,

960 1525 1036 1554 τοῦτο
1061 1527 1087 1554 δὲ
1109 1525 1184 1557 ὅλως,
1207 1527 1366 1561 κοινωνῆσαν
1384 1539 1465 1555 τουτω
1482 1527 1561 1556 ποῖόν
1578 1541 1602 1557 τι
1619 1531 1755 1566 ξυμπίπτει

959 1570 1108 1606 γίγνεσθαι.
1136 1568 1172 1595 ε’τι
1194 1568 1220 1595 δὲ
1239 1571 1401 1606 σαφέστερον
1419 1568 1434 1597 ὅ
1453 1569 1578 1611 βούλομαι
1595 1571 1755 1609 πειράσομαι

959 1609 1070 1648 φράζειν.
1098 1609 1182 1648 ἐρωτῶ
1199 1609 1250 1648 γὰρ
1268 1611 1297 1638 τὸ
1316 1610 1427 1640 τοιόνδε’
1445 1613 1498 1665 ἄρα
1517 1614 1695 1662 σφοδροτερας
1710 1614 1756 1645 τὰς

960 1652 1054 1688 ἡδονὰς
1071 1666 1114 1681 και
1131 1651 1213 1684 λυπας
1230 1665 1273 1680 και
1290 1653 1394 1690 θυμοὺς
1411 1667 1452 1682 και
1472 1656 1567 1692 ἔρωτας
1584 1655 1598 1690 ἦ
1616 1657 1666 1684 τῶν
1681 1659 1756 1684 οἴνων

960 1695 1038 1727 πόσις
1060 1696 1186 1728 ἐπιτεινει,·
1230 1700 1283 1723 KA.
1305 1695 1381 1724 Πολύ
1401 1709 1438 1735 γε.
1482 1703 1537 1725 ΑΘ
1565 1700 1595 1725 Τί
1613 1697 1636 1725 δ
1660 1699 1692 1726 αὖ
1710 1699 1756 1730 τὰς

962 1736 1103 1773 αἰσθήσεις
1122 1743 1125 1757 ¹
1144 1738 1187 1764 καὶ
1202 1736 1303 1774 μνήμας
1319 1750 1362 1765 και
1381 1739 1459 1771 δόξας
1476 1752 1517 1767 και
1536 1740 1685 1777 φρονήσειςς
1703 1740 1754 1769 πό-

961 1792 1036 1818 τερον
1063 1778 1180 1811 ὦςαυτως
1210 1781 1400 1818 σφοδροτέρας,
1432 1781 1448 1817 ἦ
1479 1794 1590 1819 παμπαν
1623 1781 1757 1811 απολείπει

960 1822 1043 1851 ταῦτα
1070 1821 1161 1854 αυτόν,
1190 1834 1222 1849 αν
1247 1822 1392 1861 κατακορής
1417 1836 1454 1855 τις
1480 1825 1511 1861 τῇ
1533 1827 1606 1862 μέθῃ
1627 1827 1756 1863 γίγνηται,-

961 1870 1016 1893 KA.
1036 1866 1100 1898 Ναί,
1118 1864 1229 1914 παμπαν
1248 1863 1389 1893 απολείπει.
1416 1872 1472 1895 ΑΘ.
1494 1866 1593 1895 Ουκοῦν
1610 1879 1646 1898 εις
1663 1866 1757 1896 ταύτὸν

963 1905 1105 1944 ἀφικνεῖται
1126 1907 1172 1942 τὴν
1193 1906 1236 1942 τῆς
1256 1908 1342 1944 ’ψυχῆς
1363 1908 1413 1940 ἕξιν
1434 1910 1465 1946 τῇ
1486 1908 1556 1941 τότε,
1585 1909 1627 1938 ότε
1636 1912 1710 1960 ἰ,νέος
1727 1905 1758 1945 ἦν

962 1953 1036 1983 παῖς;
1079 1954 1133 1978 KA.
1157 1951 1189 1977 Τί
1206 1948 1269 1986 μήν,
1312 1955 1369 1978 ΑΘ.
1384 1950 1494 1979 Ἠκιστα
1514 1951 1543 1987 δὴ
1561 1950 1613 1980 τότ’
1631 1964 1663 1980 αν
1681 1951 1759 1983 αυτὸς

963 1991 1044 2020 αὑτοῦ
1061 1993 1175 2030 γίγνοιτο
1195 1991 1324 2030 ἐγκρατής.
1357 1997 1370 2010 *
1402 1999 1455 2021 KA.
1471 1993 1589 2022 ῚΙκιστα.
1632 1999 1688 2023 ΑΘ.
1704 1990 1755 2032 ἵΛρ

963 2047 1008 2063 ουν
1026 2033 1216 2072 πονηρότατος,
1234 2037 1338 2086 φαμέν,
1350 2033 1364 2063 ὃ
1382 2035 1513 2069 τοιοῦτοςς
1556 2041 1610 2065 KA
1628 2036 1704 2065 Πολυ
1721 2049 1758 2075 γε.

962 2082 1018 2104 ΑΘ.
1043 2075 1079 2105 Ου
1099 2075 1182 2114 μόνον
1204 2074 1253 2113 αρ’,
1276 2075 1309 2108 ὦς
1330 2077 1422 2111 ἔοικεν,
1445 2077 1460 2106 ὁ
1481 2081 1563 2117 γέρων
1584 2080 1622 2110 δὶς
1638 2083 1701 2111 παῖς
1716 2081 1757 2117 γί-

961 2117 1040 2160 γνοιτ’
1059 2117 1098 2151 α’ν,
1119 2117 1182 2146 ἀλλὰ
1200 2119 1244 2146 καὶ
1262 2117 1277 2147 ὁ
1293 2122 1452 2156 μεθυσθείς.
1486 2126 1541 2149 KA.
1556 2119 1663 2159 Αριστα
1681 2119 1757 2153 εἶπες,

963 2161 983 2189 ὦ
1001 2163 1062 2193 ξένε.
1106 2166 1162 2189 ΑΘ.
1182 2160 1284 2189 Τουτου
1302 2161 1332 2196 δὴ
1350 2162 1398 2190 τοῦ
1415 2162 1614 2200 ἐπιτηδεύματος
1633 2162 1693 2193 ἔσθ’
1714 2164 1756 2195 ὅς-

962 2215 1000 2235 τις
1021 2202 1099 2241 λόγος
1121 2202 1273 2240 ἐπιχειρησει
1294 2205 1398 2232 πείθειν
1418 2203 1485 2241 ἡμας
1506 2206 1540 2237 ὠς
1558 2206 1608 2243 χρὴ
1629 2205 1759 2244 γεύεσθαι

962 2246 1005 2274 καῖ
1025 2245 1060 2282 μὴ
1082 2244 1185 2283 φεύγειν
1202 2246 1281 2274 παντὶ
1299 2248 1390 2275 σθένει
1406 2246 1474 2275 κατὰ
1491 2247 1522 2276 τὸ
1540 2248 1661 2282 δυνατόν,·
1705 2254 1758 2276 KA.

958 2286 1033 2316 'Eam'
1050 2286 1125 2316 εἶναι
1145 2287 1178 2315 σὺ
1194 2288 1259 2326 γοῦν
1275 2288 1327 2325 φῂς
1343 2289 1386 2317 καῖ
1404 2289 1506 2327 ἕτοιμος
1522 2291 1599 2326 ἦσθα
1614 2290 1658 2319 νῦν
1673 2291 1702 2326 δὴ
1718 2293 1757 2319 λε’-

962 2342 1023 2383 γειν.
1066 2335 1122 2358 ΑΘ.
1145 2330 1244 2366 Αληθῆ
1264 2334 1352 2368 μέντοι
1374 2337 1378 2352 ¹
1399 2344 1571 2369 μνημονειεις.
1598 2346 1642 2361 και
1667 2334 1712 2361 νῦν
1734 2346 1751 2371 γ

963 2373 1015 2410 εἶμι
1033 2373 1145 2409 ἕτοιμος,
1169 2371 1303 2411 ἐπειδηπερ
1326 2372 1384 2410 σφώ
1405 2386 1435 2412 γε
1457 2374 1592 2410 ἐθελήσειν
1613 2374 1760 2413 προθυμως

964 2416 1061 2465 ἔφατον
1084 2426 1193 2443 ακουειν.
1236 2420 1289 2443 Κ.Λ
1308 2416 1372 2447 Πως
1389 2415 1413 2444 δ
1432 2415 1478 2446 οὐκ
1497 2416 1685 2455 ακουσόμεθας
1713 2429 1760 2445 καν

963 2458 985 2485 εἰ
1001 2456 1110 2504 μηδενὸς
1128 2455 1207 2485 αλλου
1221 2456 1310 2495 χάριν,
1333 2457 1398 2486 αλλὰ
1420 2459 1467 2488 τοῦ
1489 2460 1651 2497 θαυμαστοῦ
1672 2471 1699 2488 τε
1716 2472 1760 2487 και

965 2498 1077 2532 ἀτόπου,
1104 2499 1127 2527 εἶ
1154 2500 1192 2527 δεῖ
1217 2498 1308 2529 ἑκόντα
1335 2503 1400 2530 ποτὲ
1427 2501 1572 2539 ἄνθρωπον
1594 2514 1630 2533 εις
1652 2501 1760 2530 ἅπασαν

963 2540 1113 2578 φαυλότητα
1135 2541 1228 2570 ἑαυτὸν
1254 2541 1391 2580 ἐμβαλλειν.
1434 2549 1491 2572 ΑΘ.
1524 2544 1608 2594 Ψυχης
1634 2546 1718 2582 λέγεις.
1744 2545 1760 2580 ἦ

963 2582 1027 2622 γάρ,·
1071 2588 1124 2611 KA.
1145 2586 1208 2612 Ναί
1250 2590 1308 2613 ΑΘ.
1325 2587 1359 2614 Τί
1376 2586 1403 2614 δὲ
1421 2598 1552 2624 σωματος,
1572 2599 1591 2614 ω
1609 2589 1705 2623 ἑταῖρε,
1724 2587 1761 2618 εἰς

964 2627 1101 2663 πονηρίαν,
1128 2625 1273 2663 λεπτότητα
1298 2639 1326 2656 τε
1352 2641 1396 2656 και
1423 2641 1514 2682 αισχος
1539 2642 1582 2656 και
1609 2627 1759 2666 αδυναμίαν,

969 2667 1145 2705 θαυμάζοιμεν
1167 2667 1210 2702 ἄν,
1233 2672 1260 2698 εἶ
1276 2673 1341 2699 ποτέ
1361 2682 1399 2703 τις
1420 2671 1483 2699 ἑκών
1505 2672 1546 2699 ἐπι
1567 2671 1597 2699 τὸ
1618 2678 1621 2691 ¹
1640 2671 1760 2699 τοιοῦτον

966 2709 1122 2747 ἆφικνεῖταις
1164 2716 1217 2740 KA.
1239 2712 1304 2743 Πῶς
1323 2712 1375 2751 γὰρ
1399 2712 1442 2747 ου’,·
1486 2718 1542 2741 ΑΘ.
1568 2715 1598 2741 Τί
1615 2714 1672 2747 οὗνς
1700 2713 1761 2745 τοὺς

1775 313 1811 331 845

1784 2005 1820 2023 646
