2050 3084
194 585 230 603 270

208 2269 243 2289 271

252 167 300 192 588

254 242 377 282 ῥητορικῷ
399 240 473 273 εἶναι,
502 242 553 269 ἕσει
571 239 653 278 ῥήτωρ
672 238 804 277 ἐλλόγιμος
819 238 971 276 προςλαβών
989 242 1043 266 ἐπι-

256 286 352 322 στήμην
373 296 399 312 τε
422 284 463 311 καί
477 285 598 333 μελέτην
627 281 689 309 ὅτου
711 280 734 330 δ
756 280 787 309 ἂν
814 282 914 317 ἐλλίπης
939 292 1045 312 τουτων,

254 326 335 363 ταύτη
358 324 445 359 ἀτελὴς
468 326 526 352 ἔσει
554 323 619 351 ὅσον
641 325 667 351 δέ
690 321 769 351 αὐτοῦ
791 325 875 357 τέχνη,
901 321 948 357 οὐχ
965 323 981 359 ᾑ
1001 327 1044 350 Τι-

256 371 314 399 σίας
335 379 361 416 τε
382 379 425 394 και
445 365 619 403 Θρασυμαχος
639 364 776 401 πορεύεται
799 365 869 392 δοκεῖ
888 376 933 401 μοι
956 366 1045 400 φαίνε-

256 414 325 438 σθαι
343 408 358 444 ἦ
377 409 502 449 μέθοδος
546 412 617 435 ΦΑΙ.
639 407 712 435 Λλλὰ
734 406 771 443 πῇ
794 406 835 441 51];
879 412 935 434 ΣΩ.
959 412 962 427 ¹
981 411 1045 434 Κιν-

257 451 362 483 δυνεύει,
382 451 401 478 ὦ
420 449 520 499 α’ριστε,
539 448 643 480 εἰκότως
661 448 674 477 ὁ
693 449 819 485 Περικλῆς
835 460 940 476 παντων
956 447 1046 476 τελεώ-

256 504 334 524 τατος
359 492 394 523 εἷς
423 492 468 526 τὴν
498 491 632 529 ῥητορικὴν
661 493 795 528 γενέσθαι.
840 495 912 518 ΦΑΙ.
945 492 977 518 Τι’
1006 488 1048 524 δης

256 542 315 562 LIV.
335 540 385 562 ΣΩ.
404 534 504 565 Πᾶσαι,
525 533 586 561 ὅσαι
599 533 710 571 μεγάλαι
725 532 775 561 τῶν
790 535 890 568 τέχνων,
908 533 1047 570 προςδέον-

256 590 298 605 ται
317 575 466 610 ἀδολεσχίας
489 576 533 603 καὶ
553 577 756 613 μετεωρολογίας
777 585 880 611 φυσεως
898 578 910 592 *
927 576 995 611 πέρι·
1018 573 1048 601 τὸ

255 619 307 657 γὰρ
328 618 475 655 υψηλόνουν
496 617 574 645 τοῦτο
598 630 641 644 και
662 616 747 653 πάντη
769 617 948 654 τελεσιουργὸν
970 617 1050 644 ἔοικεν

257 661 377 689 ἐντεῦθέν
394 663 483 687 ποθεν
500 660 606 690 εἶςιέναι.
634 658 648 687 ὅ
670 672 712 686 και
730 659 865 708 Περικλῆς
872 658 938 696 πρὸς
955 670 990 695 τῳ
1007 656 1048 686 εὗ-

256 703 321 739 φυὴς
338 700 402 730 εἷται
421 701 556 737 εκτήσατο·
579 701 733 739 προςπεσών
749 700 812 739 γάρ,
836 699 920 737 οἶμαι,
942 712 1051 736 τοιουτῳ

258 744 312 773 ὄντι
332 743 506 782 Λναξαγόρᾳ,
532 745 735 781 μετεωρολογίας
762 744 920 784 ἐμπλησθεὶς
945 743 988 770 καὶ
1011 742 1052 769 ἐπι

257 786 336 824 φύσιν
357 787 403 815 νοῦ
424 798 451 814 τε
469 787 511 813 καὶ
530 783 620 816 ἀνοίας
638 784 803 822 ἀφικόμενος,
830 786 866 812 ὠν
883 784 912 819 δὴ
929 787 987 821 πέρι
1005 783 1051 812 τὸν

256 829 339 857 πολὺν
355 827 435 867 λόγον
453 831 564 856 ἐποιεῖτο
583 827 770 865 Λναξαγόρας,
799 826 920 855 ἐντεῦθεν
938 828 1051 854 ειλκυσεν

258 872 299 899 ἐπι
316 870 361 906 τὴν
377 870 428 898 τῶν
445 869 528 908 λόγων
545 872 633 905 τέχνην
649 869 679 897 τὸ
695 869 846 906 πρόςφορον
864 867 935 905 αὐτῇ.
980 873 1051 896 ΦΑΙ.

258 914 321 944 Πώς
338 912 416 941 τοῦτο
434 915 524 950 λέγεις;
570 918 573 932 ¹
597 917 652 939 ΣΩ.
673 910 700 939 ‘O
723 910 801 942 αυτός
821 923 874 939 που
896 909 994 948 τρόπος
1010 912 1050 938 τέ-

256 966 318 990 χνης
335 954 479 993 ῥητορικῆς,
507 953 583 991 όςπερ
601 954 644 981 καὶ
662 953 781 991 ἰατρικῆς
826 958 898 981 ΦΑΙ.
925 952 989 983 Πῶς
1010 951 1052 986 δή,

258 1003 313 1025 ΣΩ.
330 995 370 1024 Εν
389 995 546 1033 ἀμφοτέραις
563 997 601 1023 δεῖ
618 996 752 1023 διελέσθαι
769 994 854 1031 φύσιν,
874 993 994 1032 σώματος
1007 996 1054 1031 μὲν

259 1043 284 1066 ἓν
301 1051 332 1076 τῃ
350 1041 433 1076 ἑτέρα,
456 1038 539 1075 ψυχῆς
557 1036 580 1065 5
601 1041 627 1066 ἐν
644 1038 675 1075 τῇ
694 1039 777 1089 ἑτέρᾳ,
796 1037 818 1065 εἷ
835 1039 930 1074 μέλλεις
946 1036 981 1074 μὴ
998 1048 1052 1073 τρι-

261 1080 293 1118 βῇ
310 1080 392 1118 μόνον
413 1093 456 1108 και
479 1082 605 1117 ἐμπειρία,
633 1078 697 1107 ἄλλα
720 1083 793 1116 τέχνη
815 1080 849 1116 τῷ
865 1082 912 1116 μὲν
929 1078 1054 1128 φάρμακα

260 1136 303 1151 και
330 1122 428 1160 τροφὴν
448 1125 599 1160 προςφέρων
619 1121 717 1160 υγίειαν
735 1135 777 1150 και
795 1121 881 1160 ρώμην
899 1120 1053 1170 ἐμποιησειν,

260 1165 291 1202 τῆ
314 1166 340 1193 δὲ
362 1164 455 1203 λόγους
476 1176 502 1193 τε
525 1177 568 1192 και
590 1164 760 1199 ἐπιτηδεύσεις
781 1166 904 1201 νομίμους
920 1162 1008 1191 πειθὼ
1026 1174 1056 1197 ην

262 1207 293 1235 ἂν
320 1206 399 1244 βούλῃ
425 1208 469 1234 καὶ
495 1205 587 1244 ἀρετὴν
613 1205 784 1244 παραδωσειν
829 1211 900 1234 ΦΑΙ.
929 1205 965 1233 Τὸ
992 1205 1057 1243 γοῦν

262 1249 340 1281 εἰκός,
363 1251 383 1277 ὦ
400 1248 548 1286 Σωκρατες,
574 1248 661 1279 οὕτως.
706 1253 761 1276 ΣΩ.
788 1248 873 1283 Ψυχῆς
890 1248 936 1276 οὖν
955 1254 958 1267 ¹
978 1259 1057 1283 φυσιν

263 1290 339 1323 ἀξίως
360 1291 439 1329 λόγου
461 1291 621 1326 κατανοῆσαι
644 1293 690 1319 οἴει
712 1290 822 1323 δυνατὸν
843 1302 905 1317 ειιαι
929 1288 989 1317 α’νευ
1014 1289 1058 1323 τῆς

262 1335 310 1362 τοῦ
333 1334 394 1362 ὅλου
415 1344 528 1369 φυσεωςς
574 1338 645 1360 ΦΑΙ
675 1333 706 1360 El
729 1335 776 1369 μὲν
795 1331 959 1369 Ιπποκρατει
976 1343 1004 1369 γε
1022 1331 1058 1367 τῷ

262 1377 312 1404 τῶν
329 1376 520 1411 Λσκληπιαδῶν
538 1376 576 1403 δεῖ
592 1387 616 1403 τι
633 1377 792 1406 πείθεο-θαι,
811 1372 870 1402 οὐδε
889 1375 947 1411 περὶ
966 1372 1058 1413 σώμα-

264 1429 308 1449 τος
330 1430 390 1446 αιευ
412 1418 455 1453 τῆς
475 1417 597 1454 μεθόδου
617 1428 717 1452 ταυτης.
761 1422 817 1444 ΣΩ.
839 1416 933 1446 Καλῶς
953 1415 1058 1454 pigno>

264 1463 356 1498 ἑταῖρε,
375 1462 446 1497 λέγει.
463 1460 512 1497 χρη
529 1462 615 1496 μέντοι
632 1459 700 1495 πρὸς
716 1458 752 1496 τῷ
767 1457 931 1496 Ἱπποκράτει
950 1458 995 1486 τὸν
1012 1456 1056 1485 λό-

263 1515 312 1541 γον
334 1501 483 1534 ἐξεταζοντα
507 1505 625 1534 σκοπεῖν,
652 1501 675 1529 εἷ
698 1504 834 1538 συμφωνεῖ.
881 1506 953 1528 ΦΑῙ.
985 1501 1058 1536 Φημί.

265 1551 312 1572 IV.
332 1550 388 1573 ΣΩ.
407 1544 443 1572 Τὸ
462 1546 547 1572 τοίιυι
564 1545 622 1581 περὶ
640 1543 742 1579 φύσεως
760 1543 858 1575 σκόπει,
878 1544 902 1571 τί
915 1554 979 1570 ποτε
995 1544 1059 1579 λέγει

262 1586 433 1623 Ιπποκράτης
455 1599 481 1614 τε
503 1599 546 1614 και
569 1585 582 1614 ὁ
603 1585 704 1621 αληθὴς
720 1585 805 1633 λόγος.
833 1598 865 1622 αρ
892 1597 939 1632 ουχ
957 1581 1005 1612 ὧδε
1024 1585 1062 1611 δεῖ

266 1631 432 1660 διανοεῖσθαι
465 1635 469 1652 ¹
500 1642 558 1667 περι
589 1628 699 1658 ὁτουουν
730 1639 844 1666 φυσεωςῖ

267 1674 366 1702 ἁπλοῦν
386 1673 401 1709 ἢ
423 1674 553 1703 πολυειδές
575 1676 644 1701 ἐστιν
668 1668 699 1701 οὗ
715 1675 772 1710 πέρι
792 1669 978 1709 βουλησόμεθα
997 1667 1061 1698 εἶναι

268 1714 342 1744 αὐτοι
367 1716 476 1751 τεχνικοῖ
503 1716 545 1743 καῖ
568 1714 645 1743 §mov
665 1715 769 1743 δυνατοὶ
794 1717 889 1746 ποιεῖν,
918 1715 1004 1741 ἔπειτα
1027 1714 1060 1744 δέ,

267 1758 311 1786 έαν
332 1761 379 1795 μὲν
401 1758 501 1786 ἁπλοῦν
518 1758 546 1794 ᾑ,
574 1761 681 1786 σκοπεῖν
699 1756 744 1792 τὴν
761 1755 867 1793 δύναμιν
886 1754 977 1787 αὐτοῦ,
1005 1757 1059 1783 τίνα

265 1800 331 1837 πρὸς
353 1802 376 1828 τί
397 1803 508 1836 πέφυκεν
529 1800 566 1830 εἷς
587 1799 616 1828 το
640 1799 703 1836 δριῖν
723 1801 782 1834 ἕχον
799 1798 814 1834 ἢ
832 1800 887 1826 τίνα
906 1798 941 1829 εἷς
959 1810 988 1826 το
1007 1810 1059 1825 πα-

266 1846 328 1870 θεῖν
344 1841 396 1870 ’ὑπὸ
416 1843 474 1875 τοῦς
498 1841 543 1869 ἐὰν
561 1843 586 1870 δέ
604 1843 681 1869 πλείω
699 1843 752 1876 εἴδη
771 1842 827 1877 ἔχῃ,
846 1840 928 1869 ταῦτα
945 1838 1059 1877 ἀριθμη-

268 1884 386 1921 σιὶμενος,
405 1884 470 1922 ὅπερ
489 1882 525 1920 ἐφ’
543 1883 606 1916 ἑνός,
625 1882 693 1912 τοῦτ’
714 1884 775 1911 ἰδεῖν
794 1881 831 1919 ἐφ’
848 1882 967 1914 ἑκάστου,
986 1883 1021 1918 τῷ
1038 1883 1062 1910 τί

267 1930 350 1955 ποιεῖν
369 1925 432 1955 αὐτὸ
451 1929 562 1964 πέφυκεν
579 1925 594 1961 ἢ
611 1926 647 1963 τῷ
664 1928 689 1954 τί
705 1929 806 1953 παθεῖν
821 1923 873 1953 ὖπὸ
893 1924 952 1957 τυῦ;
989 1929 1061 1952 ΦΑΙ.

267 1968 424 2001 Κινδυνεύει,
452 1966 471 1995 ὦ
484 1968 627 2005 Σώκρατες.
672 1973 726 1996 ΣΩ.
747 1966 783 1995 ‘H
801 1967 865 2005 γοῦν
888 1966 948 1995 ἄνευ
965 1965 1063 1995 τούτων

267 2012 386 2048 μέθοδος
408 2013 486 2039 ἐοίκοι
508 2009 540 2038 ἂν
561 2010 643 2047 ὥςπερ
673 2017 676 2031 ¹
703 2009 801 2046 τυφλοῦ
827 2011 926 2046 πορείᾳ.
955 2006 1006 2036 ἀλλ’
1032 2006 1063 2036 οὗ

267 2054 317 2091 μην
339 2052 509 2081 ἀπεικαστέον
530 2051 577 2080 τόν
597 2065 626 2091 γε
644 2055 717 2089 τέχνῃ
734 2051 855 2089 μετιόντα
873 2051 961 2080 ὁτιοῦν
978 2051 1064 2087 τυφλῷ

270 2094 329 2124 οὐδὲ
347 2096 435 2132 κωφῷ,
463 2093 527 2122 ἀλλὰ
546 2095 633 2130 δῆλον,
656 2094 701 2127 ὦς,
725 2094 756 2122 ἂν
773 2093 808 2131 τῴ
825 2105 862 2125 τις
879 2095 953 2130 τέχνῃ
970 2092 1064 2130 λόγους

270 2138 341 2174 διδῷ,
364 2138 409 2173 τὴν
431 2136 523 2165 οὐσίαν
545 2138 618 2168 δείξει
641 2135 751 2174 ἇκριβῶς
772 2136 816 2171 τῆς
837 2135 940 2172 φἰἷσεως
961 2134 1062 2166 τούτου,

269 2179 336 2217 πρὸς
357 2178 373 2207 ὅ
393 2179 454 2210 τοὺς
476 2178 569 2217 λόγους
594 2181 737 2216 προςοίσει·
765 2179 837 2206 ἔσται
865 2179 892 2206 δέ
916 2189 969 2206 που
995 2176 1064 2214 ψυχὴ

270 2222 362 2254 τοῦτο,·
405 2227 477 2250 ΦΑΙ.
501 2223 532 2249 Τί
546 2220 608 2258 μήν;
652 2226 707 2249 ΣΩ.
733 2219 832 2249 Οὐκοῦν
852 2218 867 2256 ἦ
886 2219 977 2257 ἅμιλλα
997 2217 1065 2256 αὐτῷ

270 2267 373 2292 τέταται
395 2267 407 2282 *
428 2263 495 2301 πρὸς
520 2264 598 2291 τοῦτο
625 2263 710 2291 πᾶσα·
738 2262 826 2291 πειθὼ
852 2262 903 2301 γὰρ
930 2266 956 2290 ἐν
982 2260 1064 2297 τούτῳ

271 2309 356 2334 ποιεῖν
382 2309 507 2343 ἐπιχειρεῖ,
540 2301 555 2340 ἦ
584 2304 647 2343 γᾶρς
693 2310 764 2333 ΦΑΙ.
794 2306 857 2332 Ναί.
900 2309 956 2333 ΣΩ.
980 2304 1065 2339 Δῆλον

272 2347 336 2400 ἄρα,
363 2347 403 2376 ὅτι
425 2347 439 2376 ὁ
463 2346 637 2397 Θρασύμαχός
658 2359 684 2376 τε
706 2348 749 2375 καὶ
771 2346 801 2378 ὂς
819 2345 850 2374 ἂν
869 2345 945 2377 ἄλλος
963 2346 1064 2382 σπουδῇ

270 2393 358 2426 τέχνην
378 2389 513 2439 ῥητορικὴν
531 2389 601 2426 διδῷ,
624 2401 728 2427 πρωτον
745 2388 819 2426 πείσῃ
838 2387 951 2426 ἀκριβείᾳ
968 2398 1064 2427 γραψει

269 2445 297 2461 τε
322 2445 366 2460 και
391 2431 495 2467 ποιήσει
520 2431 605 2468 ψυχὴν
628 2431 701 2464 ἶδεῖν,
728 2430 842 2469 πότερον
863 2443 888 2459 εν
909 2431 952 2459 καὶ
974 2430 1065 2467 ὅμοιον

269 2477 392 2511 πέφυκεν,
418 2473 433 2510 ἢ
455 2473 521 2502 κατὰ
549 2472 670 2511 σώματος
694 2473 797 2510 μορφὴν
822 2474 959 2504 πολυειδές
986 2473 1064 2501 τοῦτο

269 2529 320 2568 γαρ
343 2528 428 2557 φαμεν
449 2528 528 2553 φυσιν
549 2513 613 2544 εἶναι
631 2515 763 2543 δεικνυναι.
809 2520 880 2544 ΦΑΙ.
902 2514 1065 2543 Παντάπασι

270 2561 316 2596 μὲν
334 2560 386 2587 οὐν.
430 2564 485 2586 ΣΩ.
510 2557 637 2595 Δευιερον
655 2559 683 2585 δέ
698 2569 739 2595 γε,
767 2557 818 2585 ὅτιιι
836 2559 861 2585 τί
877 2560 961 2586 ποιεῖν
977 2556 992 2592 ἢ
1010 2569 1063 2584 πα-

272 2604 333 2628 -θεῖν
349 2599 401 2629 ’ὑπὸ
419 2601 466 2629 τοῦ
483 2603 586 2637 πέφυκε.
628 2605 699 2628 ΦΑΙ
721 2602 751 2627 Τί
766 2612 828 2636 μην;
872 2605 928 2627 ΣΩ.,
948 2606 952 2620 ¹
974 2601 1066 2636 Τρίτον

272 2644 298 2670 δὲ
321 2643 351 2678 δὴ
372 2642 558 2680 διαταξάμενος
578 2641 611 2670 τὰ
634 2641 717 2680 λόγων
738 2653 764 2669 τε
787 2643 829 2669 καὶ
846 2642 929 2679 ψυχῆς
945 2643 1005 2680 γένη
1023 2642 1066 2669 καὶ

271 2685 303 2712 τὰ
325 2684 423 2713 τούτων
443 2684 592 2722 παθήματα
615 2685 689 2712 δίεισι
710 2683 757 2715 τὰς
778 2683 873 2716 αἰτίας,
898 2682 1064 2722 προςαρμότ-

879 1639 983 1664 7139(οΪον
1007 1638 1059 1662 μεῖ,

919 159 1213 187 PLATONIS

1095 251 1146 267 των
1172 238 1281 266 ἕκαστον
1306 236 1416 275 ἑκάστῳ,
1443 238 1486 266 καὶ
1512 236 1650 286 διδάσκων,
1678 237 1721 264 οἵα
1748 230 1815 264 οὖσα
1841 232 1884 271 ὑφ’

1097 282 1158 309 οἵων
1178 279 1262 317 λόγων
1283 277 1312 306 δι
1331 278 1362 314 ἢν
1384 280 1468 308 αἰτίαν
1490 282 1516 311 ἐξ
1534 278 1645 317 ἄναγκης
1661 291 1677 314 η
1693 280 1739 328 μὲν
1755 279 1885 309 πείθεται,

1097 322 1112 358 ἦ
1135 323 1161 350 δὲ
1188 320 1302 348 ἀπειθεῖ.
1346 326 1417 348 ΦΑΙ.
1444 320 1578 349 Καλλιστα
1602 321 1667 362 γοῦν
1689 319 1731 352 ἂν,
1759 319 1793 350 ὠς
1819 317 1887 352 ἔοικ,

1099 365 1152 399 ἔχοι
1170 362 1257 393 οὕτως.
1300 368 1354 390 ΣΩ.
1380 361 1458 391 Ουτοι
1473 365 1519 414 μὲν
1537 375 1593 395 ουν,
1616 375 1636 391 ω
1658 364 1726 399 φίλε,
1750 361 1830 393 α’λλως
1847 365 1886 389 έν-

1099 403 1287 442 δεικνύμενον
1272 417 1287 439 η
1305 403 1441 442 λεγόμενον
1455 407 1528 453 τέχνῃ
1543 407 1607 433 ποτέ
1621 404 1777 440 λεχθήσεται
1793 402 1808 438 ἢ
1822 416 1887 441 γρα-

1099 447 1239 488 φήσεται,
1244 445 1302 474 ουτε
1324 458 1346 474 τι
1370 445 1430 474 ἄλλο
1454 458 1512 474 ome
1533 448 1618 475 τοῦτο.
1647 445 1698 473 ἀλλ’
1719 447 1744 474 οἱ
1762 446 1805 474 νῦν
1822 457 1887 483 γρα-

1099 500 1199 526 φοντες,
1218 490 1253 516 ὡν
1271 500 1303 516 συ
1318 494 1322 508 ¹
1338 486 1457 523 ἀκήκοας,
1475 499 1563 523 τεχνας
1579 488 1662 526 λόγων
1679 489 1824 525 πανοῦργοὶ
1840 487 1890 515 εἶσι

1101 544 1143 559 και
1159 529 1368 581 ἀποκρύπτονται
1386 529 1482 560 εἰδότες
1495 530 1578 566 ψυχῆς
1594 534 1651 568 πέρι
1668 530 1812 568 παγκαλως.
1831 530 1891 566 πρὶν

1102 573 1133 601 ἄν
1151 574 1196 601 οὐν
1213 572 1259 600 τὸν
1276 571 1375 620 τρόπον
1392 572 1486 599 τοῦτον
1502 573 1595 620 λέγωσί
1610 584 1636 600 τε
1654 585 1696 600 και
1710 571 1839 610 γράφωσι
1856 570 1890 607 μὴ

1100 613 1250 652 πειθωμεθ
1272 612 1360 644 αὐτοῖς
1386 616 1460 650 τέχιῃ
1485 625 1601 651 γραφειν.
1645 619 1716 642 ΦΑΙ
1745 616 1806 642 Τίνα
1830 613 1890 641 τοῦ-

1101 670 1159 690 τον;
1203 661 1257 684 ΣΩ.
1275 654 1349 684 Ain&
1370 658 1417 692 μὲν
1437 655 1469 683 τὰ
1491 655 1592 693 ῥήματα
1613 656 1693 683 εἷπεῖν
1715 654 1760 684 οὐκ
1778 654 1891 686 εὐπετὲς·

1102 698 1136 730 ὡς
1153 700 1179 727 δὲ
1198 700 1236 726 δεῖ
1251 697 1367 736 γράφειν,
1386 697 1408 725 εἶ
1424 699 1505 734 μέλλει
1523 697 1639 732 τεχνικῶς
1657 699 1728 732 ἔχειν,
1746 696 1809 725 καθ’
1828 696 1893 725 ὅσον

1103 742 1235 776 ἐνδέχεται,
1262 743 1341 778 λέγειν
1360 742 1449 767 ἐθέλω.
1494 744 1566 767 ΦΑῙ,
1583 738 1662 777 Λέγει
1680 738 1716 774 δή.
1760 745 1820 766 LVI.
1839 744 1893 766 ΣΩ.

1101 782 1200 818 Ἐπειδὴ
1218 782 1299 820 λόγου
1317 780 1421 818 δύναμις
1437 780 1556 819 τυγχάνει
1572 783 1726 819 ψυχαγωγία
1745 776 1826 813 οὖσα,
1848 780 1895 808 τὸν

1102 825 1227 862 μέλλοντα
1246 823 1390 876 ῥητορικὸν
1411 824 1525 851 ἔσεσθαι
1547 829 1551 844 ¹
1575 822 1673 861 ἀνάγκη
1695 822 1800 855 εἰδέναι,
1825 822 1896 858 ψυχὴ

1104 867 1155 896 ὅσα
1174 868 1252 902 ειδη’
1245 868 1301 901 ε’χει.
1321 867 1389 894 ἐστιν
1407 861 1452 894 οὖν
1469 864 1536 893 τόσα
1554 878 1598 893 και
1614 864 1694 897 τόσα,
1716 866 1760 893 καὶ
1777 868 1836 893 τοῖα
1854 877 1896 892 και

1104 913 1174 938 τοῖα”
1202 908 1270 937 ὅθεν
1292 908 1318 936 οἷ
1337 910 1384 945 μὲν
1404 908 1510 940 τοιοίδε,
1538 908 1564 936 οἳ
1585 908 1611 935 δὲ
1637 908 1731 936 τοιοίδε
1757 909 1895 945 γίγνονται.

1104 963 1202 980 τουτων
1224 952 1250 978 δὲ
1273 949 1302 985 δὴ
1325 948 1492 987 διῃρημενων,
1519 949 1603 988 λόγων
1625 950 1657 978 αὖ
1679 948 1747 978 τόσα
1768 949 1812 977 καὶ
1828 947 1896 977 τόσα

1106 995 1174 1022 ἔστιν
1195 994 1259 1028 εἴδη,
1281 991 1381 1020 τοιόνδε
1404 992 1519 1020 ἕκαστον.
1547 993 1573 1020 οἱ
1593 993 1640 1029 μὲν
1662 1003 1708 1020 ουν
1728 992 1823 1020 τοιοίδε
1843 989 1895 1018 ὖπὸ

1106 1036 1156 1064 τῶν
1173 1035 1277 1064 τοιῶνδε
1295 1034 1378 1072 λογων
1396 1034 1437 1062 διὰ
1455 1033 1527 1069 τηνδε
1544 1033 1589 1069 τὴν
1607 1034 1692 1062 αἰτίαν
1708 1045 1744 1065 εις
1760 1033 1793 1062 τὰ
1811 1032 1897 1061 τοιάδε

1106 1077 1249 1109 εὐπειθεῖς,
1272 1078 1298 1105 οἳ
1317 1078 1344 1104 δέ
1365 1077 1460 1105 τοιοίδε
1484 1075 1524 1104 διὰ
1546 1076 1607 1104 τάδε
1630 1077 1783 1108 δυςπειθεῖς.
1810 1076 1848 1103 δεῖ
1869 1074 1898 1109 δὴ

1106 1121 1188 1148 ταῦτα
1211 1118 1302 1150 ἱκανῶς
1324 1118 1466 1153 νοήσαντα,
1493 1118 1557 1156 μετὰ
1579 1118 1661 1147 ταῦτα
1678 1117 1814 1155 θεώμενον
1832 1115 1896 1145 αὐτὰ

1108 1166 1133 1190 ἐν
1154 1166 1212 1193 ταῖς
1231 1161 1357 1199 πραξεσιν
1379 1160 1442 1189 όντα
1463 1172 1491 1188 τε
1512 1162 1555 1189 καῖ
1575 1159 1741 1198 πραττόμενα
1763 1158 1842 1192 οξέως
1866 1160 1898 1195 τῇ

1109 1203 1235 1239 αισθησει
1255 1210 1258 1224 ¹
1278 1203 1413 1231 δύνασθαι
1428 1205 1626 1252 ἐπακολουθεῖν,
1643 1201 1659 1238 ἢ
1673 1203 1735 1240 μηδὲ
1750 1201 1844 1230 εἰδέναι
1858 1213 1898 1228 πω

1107 1246 1188 1274 πλέον
1206 1244 1289 1273 αὐτῶν
1306 1246 1341 1273 ὧν
1357 1244 1416 1273 τότε
1434 1243 1510 1280 η’κουε
1527 1243 1611 1282 λόγων
1628 1244 1715 1276 ξυνών
1738 1243 1801 1272 ὅταν
1819 1244 1845 1271 δὲ
1862 1243 1898 1271 εἷ-

1108 1292 1166 1316 πεῖν
1187 1300 1213 1316 τε
1236 1287 1328 1318 ἱκανῶς
1350 1288 1406 1323 ἒχῃ,
1433 1290 1488 1317 οἱος
1507 1285 1549 1323 ὑφ’
1574 1288 1635 1315 οἵων
1655 1288 1789 1318 πείθεται,
1793 1297 1899 1335 κπαρα-

1108 1342 1228 1369 γιγνομει
1230 1342 1260 1358 ον
1280 1341 1307 1357 τε
1329 1329 1437 1360 δυνατὸς
1453 1329 1469 1366 ᾗ
1488 1328 1707 1366 διαισθανόμενος
1724 1327 1805 1365 ἑαυτῷ
1823 1328 1899 1369 ἐνδεί-

1109 1376 1236 1404 κνυσθαι,
1260 1370 1299 1400 ὅτι
1322 1366 1398 1402 ουτός
1416 1374 1470 1399 ἐστι
1487 1375 1500 1388 *
1518 1372 1560 1399 καὶ
1579 1370 1649 1419 αὐτηἰ
1659 1370 1674 1406 ἡ
1691 1381 1780 1407 φυσις,
1798 1370 1857 1407 περὶ
1874 1365 1903 1404 ἧς
1941 1375 1950 1392 Τ

1110 1414 1168 1443 τότε
1186 1416 1254 1449 ἦσαν
1272 1415 1297 1442 οἱ
1312 1413 1400 1464 λόγοι,
1418 1413 1463 1441 νῦν
1481 1414 1544 1451 ἔργῳ
1562 1411 1687 1450 παροῦσα
1705 1414 1742 1445 οἶ,
1761 1414 1777 1449 ᾗ
1794 1423 1900 1449 προςοι-

1111 1459 1186 1485 στέον
1201 1455 1288 1487 τουςδε
1304 1451 1351 1484 ωδε
1367 1455 1427 1486 τοὺς
1441 1454 1534 1493 λόγους
1549 1456 1590 1483 έπι
1604 1454 1649 1490 τὴν
1663 1455 1740 1483 τῶνδε
1753 1453 1903 1486 πειθώ,-

1111 1499 1192 1527 ταῦτα
1216 1500 1242 1526 δέ
1264 1497 1310 1533 ηδη
1331 1496 1405 1525 winr'
1427 1499 1520 1533 ἔχοντι,
1543 1496 1713 1535 προςλαβόντι
1732 1496 1836 1534 καιροὺς
1856 1496 1903 1524 τοῦ

1111 1541 1175 1570 πότε
1198 1540 1299 1569 λεκτέον
1320 1541 1363 1568 καὶ
1385 1539 1544 1574 ἕπισχετέον,
1568 1541 1739 1578 βραχυλογίας
1759 1551 1785 1567 τε
1808 1534 1840 1566 αὖ
1861 1539 1904 1566 καὶ

1113 1584 1294 1620 ἐλεεινολογίικς
1315 1583 1358 1610 καὶ
1381 1581 1529 1614 δεινώσεως,
1558 1581 1673 1610 ἑκάστων
1694 1593 1721 1610 τε
1743 1579 1782 1609 5¹0³
1803 1579 1834 1608 ἄν
1852 1581 1904 1615 εἴδη

1111 1625 1190 1663 μαθη
1213 1624 1306 1663 λόγων,
1333 1635 1431 1652 τουτων
1453 1636 1498 1659 την
1519 1622 1649 1661 εὐκαιρίαν
1669 1636 1696 1652 τε
1720 1624 1763 1651 καὶ
1788 1621 1905 1660 ἀκαιρίαι

1113 1667 1253 1708 διαγνόντι,
1280 1666 1363 1697 καλῶς
1383 1678 1410 1694 τε
1431 1678 1474 1694 και
1491 1665 1582 1697 τελέως
1603 1667 1672 1694 ἐστιν
1688 1664 1703 1701 ἧ
1721 1664 1796 1701 τέχνη
1814 1677 1903 1702 απειρ-

1111 1724 1240 1751 γασμενη,
1264 1708 1393 1748 πρότερον
1415 1706 1438 1735 5
1460 1718 1502 1736 ου·
1527 1706 1578 1735 ἀλλ’
1599 1707 1614 1736 ὅ
1635 1720 1659 1736 τι
1681 1707 1712 1736 ἂν
1734 1706 1818 1735 αυτῶν
1839 1718 1876 1738 τις
1898 1712 1902 1726 ¹

1113 1756 1212 1791 ἐλλείπῃ
1230 1752 1310 1803 λέγων
1327 1749 1342 1787 ἡ
1360 1750 1486 1780 διδάσκων
1504 1763 1519 1785 η
1535 1762 1650 1788 γραφων,
1669 1750 1705 1787 φῇ
1724 1751 1750 1778 δὲ
1768 1752 1844 1786 τέχνῃ
1861 1747 1903 1776 λέ-

1112 1809 1177 1835 γειν,
1201 1797 1215 1824 ὁ
1231 1795 1266 1833 μὴ
1283 1794 1444 1836 πειθόμειος
1460 1796 1554 1832 κρατεῖ.
1581 1795 1606 1820 τί
1623 1792 1652 1827 δὴ
1672 1804 1729 1824 ουν,
1751 1803 1826 1828 Quat
1845 1794 1906 1821 ἴσως

1113 1838 1127 1867 ὁ
1147 1848 1322 1888 συγγραφευς,
1345 1838 1365 1864 ὦ
1386 1838 1482 1874 Φαῖδρέ
1499 1849 1525 1864 τε
1543 1837 1586 1864 καὶ
1602 1834 1749 1873 Σωκρατες,
1773 1835 1843 1863 δοκεῖ
1859 1832 1903 1862 ου’-

1113 1892 1162 1912 τως
1179 1880 1195 1916 ἢ
1214 1879 1295 1911 ἄλλως
1311 1890 1365 1910 πως
1384 1878 1539 1907 ἀποδεκτέον
1556 1881 1690 1917 λεγομένης
1708 1877 1791 1916 λόγων
1807 1880 1904 1913 τέχνης;

1114 1929 1184 1952 ΦΑΙ
1207 1920 1344 1950 Ἀδυνατόν
1360 1933 1424 1953 που,
1448 1933 1468 1949 ω
1484 1920 1633 1958 Σώκρατες,
1656 1920 1747 1951 ἄλλως
1773 1921 1857 1948 καίτοι
1875 1917 1906 1947 οὐ

1114 1964 1222 2003 σμικρόν
1238 1976 1267 2003 γε
1285 1965 1403 2000 φαίνεται
1421 1964 1503 2013 ἔργον.
1547 1969 1603 1991 ΣΩ.
1625 1963 1723 1998 Αληθη
1740 1964 1824 2000 λέγεις
1843 1960 1904 1990 τού-

1113 2020 1160 2036 του
1181 2019 1221 2035 τοι
1243 2007 1314 2034 ἕνεκα
1334 2006 1383 2043 χρὴ
1404 2004 1503 2036 πάντας
1519 2016 1580 2037 τους
1596 2004 1690 2043 λόγους
1708 2004 1760 2032 α’νω
1777 2016 1820 2032 και
1837 2015 1906 2031 κατω

1112 2051 1324 2087 μεταστρέφοντα
1343 2051 1504 2079 ἐπισκοπεῖν,
1522 2050 1549 2075 εἰ
1561 2049 1599 2079 τίς
1614 2059 1652 2084 πῃ
1670 2046 1738 2085 ῥᾴων
1755 2047 1798 2074 καὶ
1817 2052 1820 2066 ¹
1841 2046 1904 2083 βρα-

1114 2094 1206 2129 χυῐέι)α
1223 2093 1341 2127 φαίιεται
1360 2088 1397 2117 ἐπ)
1417 2088 1495 2125 αὐτὴν
1513 2088 1609 2121 οδός,“
1604 2101 1644 2117 ινα
1661 2089 1695 2126 μὴ
1711 2101 1794 2126 ματην
1810 2087 1907 2123 πολλὴν

1115 2133 1179 2170 ἀπίῃ
1201 2146 1243 2161 και
1261 2135 1393 2169 τραχεῖαν,
1417 2132 1476 2164 ἐξὸν
1497 2130 1584 2170 ὀλίγην
1601 2143 1628 2160 τε
1645 2132 1688 2159 καὶ
1706 2132 1784 2158 λείαν·
1814 2128 1865 2157 ἇλλ
1886 2131 1913 2157 εἶ’

1114 2175 1170 2204 τινά
1188 2188 1225 2212 πῃ
1244 2174 1371 2211 βοήθειαν
1390 2175 1452 2209 ἔχεις
1469 2174 1616 2209 ἐπακηκοὼς
1633 2175 1734 2202 Λυσίου
1748 2171 1764 2208 ἢ
1777 2183 1846 2203 τινος
1861 2170 1906 2199 ἂλ-

1115 2221 1172 2251 λου,
1203 2217 1282 2254 πειρῶ
1313 2219 1392 2254 λέγειν
1423 2214 1682 2253 ἆναμιμνησκόμενος.
1725 2219 1797 2243 ΦΑΙ,
1820 2213 1907 2242 Ενεκα

1113 2263 1160 2298 μέν
1185 2262 1275 2296 πείρας
1302 2256 1379 2295 ἔχοιμ’
1404 2257 1446 2290 α’ν,
1475 2256 1526 2285 αλλ
1551 2257 1606 2287 ου’τι
1633 2258 1677 2286 νῦν
1701 2270 1719 2296 γ
1744 2255 1825 2288 ου’τως
1852 2267 1907 2292 εχω.

1115 2308 1170 2330 ΣΩ.
1192 2300 1287 2330 Βουλει
1309 2313 1354 2329 ουν
1376 2299 1424 2338 ἐγώ
1450 2298 1494 2328 τιν’
1517 2303 1580 2328 εἴπω
1606 2299 1696 2338 λόγον,
1724 2311 1754 2328 ον
1779 2298 1830 2327 τῶν
1850 2299 1909 2336 περὶ

1115 2343 1197 2373 ταῦτά
1218 2354 1292 2372 τινων
1315 2341 1425 2377 ἀκήκοας
1469 2347 1541 2370 ΦΑΙ
1565 2344 1597 2370 Τί
1616 2342 1677 2379 μήν;
1720 2347 1776 2370 ΣΩ.
1799 2343 1909 2379 Λέγεται
1932 2350 1934 2363 ¹

1114 2387 1190 2425 γοῦν,
1212 2381 1233 2414 ὦ
1258 2386 1365 2422 Φαῖδρε,
1390 2386 1488 2413 δίκαιον
1509 2383 1574 2413 εἶναι
1594 2385 1638 2412 καὶ
1659 2383 1688 2412 τὸ
1711 2383 1758 2412 τοῦ
1776 2381 1853 2411 λύκου
1870 2383 1907 2411 εἶ-
1931 2391 1935 2396 ’

1114 2432 1179 2457 πεῖν.
1224 2435 1228 2449 ¹
1251 2428 1405 2455 ΦΑ1.Καῖ
1432 2426 1464 2454 σύ
1490 2439 1520 2466 γε
1547 2439 1613 2456 ουτω
1639 2428 1714 2455 ποίει
1757 2431 1829 2453 LVII.
1852 2430 1906 2453 ΣΩ.
1930 2433 1931 2436 ’

1119 2472 1189 2499 Φασὶ
1211 2472 1296 2499 τοίιυν
1319 2467 1392 2497 οὐδὲν
1414 2468 1481 2497 ου’τω
1508 2469 1589 2498 ταῦτα
1616 2470 1668 2497 δεῖν
1695 2479 1825 2505 σεμνυνειν
1850 2465 1906 2495 οὐδ

1117 2525 1220 2552 αναγειν
1239 2512 1291 2540 τίνω
1307 2523 1410 2548 μακραν
1423 2512 1663 2549 περιβαλλομένους·
1681 2521 1835 2538 πανταπασι
1848 2508 1908 2547 γάρ,

1116 2554 1131 2584 ὅ
1149 2557 1191 2583 καὶ
1209 2568 1253 2583 κατ
1283 2552 1365 2590 ἆρχας
1381 2556 1486 2590 εἴπομεν
1503 2554 1578 2582 τουδε
1595 2553 1642 2582 τοῦ
1659 2551 1751 2591 λόγου,
1779 2551 1818 2580 ὅτι
1837 2549 1910 2580 ουδὲν

1117 2596 1243 2633 ἀληθείας
1263 2599 1376 2633 μετέχειν
1397 2597 1449 2624 δέοι
1472 2595 1609 2624 δικαίωνἸ
1594 2609 1609 2629 η
1632 2593 1744 2633 ἇγαθῶν
1764 2605 1821 2631 περι
1839 2605 1908 2631 πρα-

1116 2639 1232 2678 γμιὶτων,
1254 2638 1270 2675 ἢ
1287 2651 1331 2666 και
1350 2636 1499 2675 ανθρωπων
1515 2650 1545 2677 γε
1563 2637 1686 2666 τοιούτων
1703 2648 1780 2674 φυσει
1797 2635 1878 2664 όντων
1893 2633 1910 2670 ἦ

1116 2682 1213 2720 τροφῇ,
1240 2681 1287 2710 τὸν
1305 2682 1431 2718 μέλλοντα
1453 2680 1546 2712 ἶκανῶς
1570 2679 1705 2719 ῥητορικὸν
1731 2680 1854 2707 ἔσεσθαι
1877 2675 1909 2706 τὸ
