1998 3084
43 1618 77 1637 219

649 180 898 208 PLATONIS

104 261 177 302 μήκει
198 261 287 291 πονῶν
308 259 395 298 α’χθῃ,
420 259 456 298 μή
474 272 507 298 με
530 260 671 289 αἰτιᾶσθαι
698 272 807 292 τουτων,
835 258 899 287 ἀλλὰ

106 304 195 337 τούςδε
216 304 276 335 τοὺς
297 302 361 334 σοὺς
381 304 504 340 ἑταίρους.
548 307 642 331 ΘΕΑΙ.
669 300 731 331 Λλλ’
758 301 829 340 οἶμαι
853 304 901 339 μὲν

108 347 138 383 δὴ
159 347 205 375 νῦν
227 352 230 366 ¹
254 344 335 376 οὕτως
356 342 402 373 οὐκ
425 343 540 382 ἀπερεῖν·
565 343 597 372 ἂν
619 343 642 372 δ’
665 343 716 382 α’ρα
738 357 762 372 τι
780 344 900 372 τοιοῦτον

105 390 229 428 γίγνηται,
246 387 290 416 καὶ
306 385 380 415 τόνδε
394 385 612 424 παραληψόμεθα
627 385 760 424 Σωκράτη,
778 386 825 415 τὸν
838 391 898 414 Σω-

106 429 216 469 κράτους
230 441 278 471 μεν
295 427 442 466 ὁμώνυμον,
466 428 527 466 ἐμὸν
548 429 575 457 δὲ
592 427 724 464 ἧλικιωτην
740 429 784 457 καὶ
801 440 897 467 συγγυ-

104 470 228 511 μναοτήν,
246 472 266 509 ᾧ
284 471 466 499 συνδιαπονεῖν
481 469 534 508 μετ’
552 470 614 508 ἐμοῦ
631 470 664 499 τὰ
681 470 766 499 πολλὰ
785 468 862 499 οὖκ’
850 469 897 505 αἠ-

105 518 162 546 θες.
205 520 247 541 ΠΙ.
264 517 313 541 ΞΕ
332 513 369 541 Εὖ
386 515 476 551 λέγεις,
499 513 543 541 καὶ
558 512 642 541 ταῦτα
658 515 706 550 μὲν
723 513 773 548 ἰδίᾳ
792 511 897 550 βουλεύ-

106 568 145 586 σει
161 554 302 593 προῖοντος
318 555 366 583 τοῦ
383 554 474 593 λόγου·
503 554 576 592 κοινῇ
594 555 621 583 δὲ
636 553 690 592 μετ’
707 554 770 592 ἐμοῦ
789 567 832 583 σοι
850 566 897 583 συ-

105 600 229 628 σκεπτέον
243 595 375 635 ἀρχομένῳ
389 596 502 634 πρῶτον,
519 608 554 628 ως
569 597 625 634 ἐμοὶ
639 598 766 633 φαίνεται,
784 597 830 625 νῦν
845 594 898 624 ἀπὸ

104 640 151 670 τοῦ
169 639 310 689 σοφιστοῦ,
329 638 443 688 ζητοῦντι
459 639 504 667 καὶ
521 640 682 676 ἐμφανίζοντι
699 638 780 690 λόγῳ,
798 640 824 666 τί
838 636 897 667 ποτ’

105 684 166 711 ἔστι.
193 681 238 710 νῦν
259 681 310 720 γὰρ
332 681 362 717 δὴ
384 680 418 709 σύ
435 693 462 709 τε
482 687 486 702 ¹
505 679 577 720 κᾶγώ
593 679 689 710 τούτου
706 683 764 723 πέρι
782 679 898 718 του’νομα

103 724 185 763 μόνον
212 725 302 761 ἔχομεν
327 723 411 761 κοινῇ
438 723 468 751 τὸ
496 724 523 751 δὲ
546 724 633 762 ἔργον,
662 721 699 760 ἐφ’
721 724 741 760 ᾧ
762 723 897 760 καλοῦμεν,

105 765 223 804 ἑκάτερος
240 763 295 801 τάχ’
313 764 345 794 ἂν
362 765 413 802 ἰδίᾳ
430 777 484 803 παρ
506 764 567 803 ἦμῒν
584 763 673 797 αὐτοῖς
688 766 799 802 ἔχοιμεν·
819 766 857 793 δεῖ
872 766 898 793 δὲ

105 808 145 838 ἀεὶ
161 807 260 839 παντὸς
275 810 333 845 πέρι
350 807 381 836 τὸ
399 808 508 846 πρᾶγμα
527 806 590 836 αὐτὸ
607 807 707 845 μᾶλλον
724 807 766 836 διὰ
784 806 832 846 λό)
834 819 869 835 ων
884 806 898 842 ἢ

103 850 219 888 τοῦνομα
235 849 318 888 μόνον
336 849 613 888 συνωμολογήσασθαι
625 861 704 888 χωρις
718 849 806 888 λόγου.
824 849 854 878 τὸ
871 850 898 878 δὲ

104 894 197 931 φῦλον,
225 891 240 921 δ’
261 892 307 921 νῦν
328 892 480 929 ἐπινοοῦμεν
501 895 593 928 ζητεῖν,
620 890 653 921 οὗ
673 891 779 920 πάντων
800 891 899 933 ῥᾳστον

106 935 251 972 συλλαβεῖν,
273 934 296 963 εἶ
317 946 369 963 ποτ
396 936 472 967 ἔστιν,
492 934 506 963 ὁ
526 933 659 971 σοφιστής.
686 933 739 963 ὅσα
758 932 781 962 δ
800 947 833 962 αυ
848 934 899 962 τῶν

103 977 220 1017 μεγάλων
242 978 281 1005 δεῖ
301 978 491 1005 διαπονεῖσθαι
511 977 606 1027 καλῶς,
628 977 688 1014 περι
705 976 756 1005 τῶν
773 975 898 1005 τοιούτων

105 1021 221 1049 δέδοκται
241 1018 309 1048 πᾶσι
329 1019 373 1047 καὶ
393 1018 476 1047 παλαι
497 1019 527 1048 τὸ
549 1018 679 1057 πρότερον
700 1022 726 1047 ἐν
753 1022 870 1056 σμικροῖς
894 1024 897 1038 ¹

104 1075 147 1091 και
164 1061 257 1101 ῥάοσιν
274 1059 340 1090 αὐτὰ
359 1062 411 1089 δεῖν
425 1061 542 1099 μελετᾶν,
559 1062 620 1099 πρὶν
638 1065 664 1089 ἐν
679 1059 768 1092 αὐτοῖς
782 1064 838 1092 τοῖς
850 1073 896 1110 με-

103 1107 209 1144 γίστοις
235 1104 280 1132 νῦν
302 1104 359 1136 (νῦν,
387 1115 407 1131 ω
431 1105 564 1139 Θεαίτητε,
593 1104 673 1153 ἔγωγε
694 1104 738 1131 καὶ
759 1103 809 1140 νῷν
831 1102 898 1131 ου’τω

105 1145 280 1184 συμβουλεύω,
311 1145 441 1195 laciendu—
456 1147 501 1174 καὶ
527 1146 570 1177 δυς
572 1145 702 1183 θήρευτον
727 1144 899 1184 ἧγησαμένοις

103 1188 168 1218 εἶναι
188 1188 218 1217 τὸ
240 1188 288 1217 τοῦ
310 1188 441 1224 σοφιστοῦ
457 1190 532 1226 γένος
548 1187 677 1226 πρότερον
695 1191 721 1216 ἐν
739 1187 806 1225 ἄλλῳ
825 1186 898 1226 ῥιίονι

103 1231 148 1267 τὴν
166 1231 287 1269 μέθοδον
309 1229 389 1259 αὐτοῦ
410 1230 583 1268 προμελετᾶν,
605 1230 628 1259 εἶ
644 1229 679 1268 μὴ
697 1229 730 1258 σύ
746 1216 837 1259 ποθεν
854 1228 895 1258 εὗ-

103 1275 258 1310 πετεοτέραν
277 1273 340 1308 ἔχεις
356 1273 437 1301 εἰπεῖν
456 1272 533 1308 ἄλλην
551 1271 620 1301 ὁδόν.
665 1277 758 1301 ΘΕΑΙ.
777 1270 840 1300 Ἀλλ’
852 1284 898 1300 ουκ

104 1317 159 1352 ἔχω.
202 1320 250 1344 ΞΕ.
272 1314 368 1344 Βούλει
390 1315 453 1351 δῆτα
475 1317 535 1353 περί
553 1326 623 1346 τινος
643 1315 695 1344 τῶν
719 1314 826 1351 φαύλων
849 1326 896 1352 με-

102 1357 199 1389 τιόντες
223 1357 393 1395 πειραθῶμεν
418 1357 583 1396 παράδειγμα
616 1355 679 1386 αὐτὸ
712 1360 820 1386 θέσθαι
851 1356 898 1385 τοῦ

101 1403 227 1439 μείζονοςς
255 1406 259 1421 ¹
287 1405 380 1428 ΘΕΑΙ
402 1401 464 1428 Ναί.
508 1405 556 1428 Ξ.Ε
576 1399 686 1436 Τι’δῆτα
703 1397 896 1437 προταξαίμεθ’

103 1456 135 1471 αν
151 1441 312 1495 εὔγνωστον
311 1445 358 1479 μὲν
372 1443 415 1470 καὶ
431 1442 546 1480 σμικρόν,
564 1441 644 1480 λόγον
659 1443 686 1470 δὲ
699 1441 823 1483 μηδενὸς
823 1441 895 1470 ἐλάτ-

102 1497 165 1514 τονα
192 1486 251 1520 ἔχον
276 1484 327 1513 τῶν
351 1483 486 1522 μειζόνωνς
513 1488 569 1513 οἱον
596 1483 777 1520 ἀσπαλιευτης
806 1482 845 1522 ἀρ’
866 1482 898 1513 οὗ

102 1528 169 1556 πᾶσί
185 1539 212 1555 τε
228 1526 358 1565 γνώριμον
375 1528 418 1555 καὶ
436 1527 552 1562 σπουδῆς
570 1525 601 1555 οὗ
618 1526 688 1555 πάνυ
705 1539 728 1555 τι
745 1526 841 1562 πολλῆς
858 1538 896 1554 τι-

102 1581 146 1601 νος
164 1568 282 1603 ἐπάξιονς
313 1574 407 1597 ΘΕΑῙ.
429 1568 522 1600 Οὕτως.
566 1574 614 1598 ΞΕ.
634 1570 767 1598 ῘΙῙέθοδον
782 1568 833 1606 μὴν
849 1567 896 1597 αὖ·

102 1611 148 1641 τὸν
169 1616 182 1630 *
205 1613 293 1644 ἐλπίζω
314 1612 358 1639 καὶ
379 1611 459 1650 λόγον
481 1610 526 1640 οὐκ
549 1609 724 1647 ἀνεπιτήδειον
749 1610 809 1649 ἡμῖν
835 1612 899 1647 ἔχειν

102 1654 168 1692 πρὸς
185 1652 201 1683 ὃ
219 1653 380 1691 βουλόμεθα.
417 1659 509 1682 ΘΕΑΙ.
528 1653 623 1686 Καλῶς
638 1652 670 1682 ἄν
688 1654 748 1690 ἔχοι.
793 1660 834 1681 IV.
849 1659 898 1683 ΞΕ.

106 1699 169 1735 Φέρε
187 1695 224 1732 δή,
242 1696 303 1734 τῇδε
321 1694 467 1734 ἀρχώμεθα
486 1694 574 1725 αὐτοῦ.
601 1698 645 1724 καί
659 1708 705 1734 μοι
722 1698 788 1734 λέγε·
817 1695 896 1724 πότε-

102 1751 150 1778 ρον
170 1737 204 1770 ὦς
225 1740 340 1774 τεχνίτην
361 1737 442 1767 αὐτὸν
462 1737 478 1774 ἤ
495 1751 552 1767 τινα
571 1737 687 1774 ἄτεχνον,
711 1737 788 1774 ἄλλην
806 1739 834 1767 δὲ
852 1737 896 1766 δύ-

102 1793 177 1819 ναμιν
198 1782 290 1817 ἔχοντα
312 1779 446 1819 θήσομενς
490 1786 583 1809 ΘΕΑΙ.
602 1780 713 1809 ‘Humi
733 1793 763 1819 γε
783 1780 897 1817 ἄτεχνον.

103 1828 150 1853 ΞΕ.
166 1822 242 1852 ,Ἀλλὰ
257 1823 309 1861 μὴν
325 1823 377 1852 τῶν
392 1835 422 1862 γε
440 1824 534 1859 τεχνῶν
551 1823 645 1852 πασῶν
663 1823 757 1859 σχεδὸν
774 1824 827 1859 εἲῢη
843 1822 897 1852 δύο.

103 1870 197 1895 ΘΕΑῙ.
226 1865 303 1899 110395
346 1870 395 1895 ΞΕ.
422 1867 538 1904 Γεωργία
563 1868 611 1903 μὲν
635 1866 679 1893 καὶ
705 1864 756 1901 ὅση
782 1866 842 1903 περὶ
867 1864 897 1894 τὸ

102 1907 204 1944 θνητὸν
218 1907 274 1936 πᾶν
290 1907 366 1945 σῶμα
385 1909 517 1946 θεραπεία
535 1907 566 1936 τό
584 1919 611 1936 τε
629 1920 663 1936 αυ
679 1908 739 1946 περὶ
752 1907 784 1936 τὸ
799 1907 896 1940 ξυνθε-

102 1962 149 1979 τον
164 1951 208 1978 καὶ
224 1949 351 1983 πλαοτόν,
370 1949 386 1979 δ’
404 1951 434 1986 δὴ
452 1950 544 1982 σκεῦος
562 1957 566 1971 ¹
586 1948 763 2003 ὠνομάκαμεν,
782 1949 798 1986 ἤ
811 1962 839 1979 τε
852 1962 896 1988 μι·

101 1991 202 2031 μητική,
224 1991 364 2042 ξύμπαντα
386 1993 469 2021 ταῦτα
491 1990 630 2021 δικαιότατ’
652 2005 684 2021 αν
706 1993 743 2021 ἑνὶ
763 2004 896 2031 προςαγο-

102 2033 193 2073 ρεύοιτ’
218 2032 334 2084 ὀνόματι.
378 2039 471 2063 ΘΕΔῙ.
498 2034 563 2066 Πῶς
587 2047 630 2063 και
652 2036 713 2068 τίνις
756 2040 804 2063 ΞΕ.
827 2035 897 2067 Πᾶν,

103 2076 167 2115 ὅπερ
189 2089 221 2105 αν
233 2076 276 2127 μὴ
296 2076 426 2115 πρότερόν
443 2088 481 2109 τις
498 2076 528 2106 ὂν
544 2089 655 2115 υσ-τερον
672 2077 709 2109 εἷς
725 2075 819 2106 οὐσίαν
838 2076 897 2116 ἄγῃ,

102 2119 149 2148 τὸν
163 2121 211 2157 μὲν
228 2118 327 2158 ἄγοντα
344 2122 437 2152 ποιεῖν,
455 2119 485 2148 τὸ
502 2117 560 2148 δὲ
545 2118 674 2170 αζόμενον
688 2120 832 2148 ποιεῖσθαί
844 2118 898 2148 πού

101 2173 193 2199 φαμεν.
236 2166 330 2190 ΘΕΑΙ.
348 2160 456 2199 Ὀρθῶς.
500 2166 548 2190 ΞΕ
566 2161 596 2190 A
619 2163 647 2191 δέ
666 2173 696 2200 γε
717 2161 763 2190 νῦν
780 2161 809 2197 δὴ
828 2160 895 2197 διήλ-

102 2207 188 2241 θομεν
210 2203 326 2237 ἅπαντα,
353 2208 420 2240 εἶχεν
440 2204 477 2236 εἶς
498 2203 576 2233 τοῦτο
599 2203 644 2240 τὴν
672 2202 756 2233 αὗτῶν
782 2203 897 2242 δύναμιν.

103 2250 195 2274 ΘΕΑΙ.
222 2243 283 2282 Εἶχε
308 2246 360 2285 γὰρ
387 2258 440 2275 ουν.
484 2251 532 2274 ΞΕ.
558 2246 701 2282 Ποιητικὴν
721 2248 808 2275 τοίνυν
830 2244 897 2274 αὐτὰ

103 2287 392 2326 στησωφαλαιωσάμενοι
423 2290 606 2330 προςείπωμεν.
655 2294 748 2317 ΘΕΑΙ
777 2294 781 2309 ¹
805 2287 896 2317 ''Eo-rm.

103 2334 150 2358 ΞΕ.
177 2329 214 2359 Τὸ
242 2330 271 2366 δὴ
295 2330 484 2368 μαθηματικὸν
506 2343 538 2359 αυ
558 2330 624 2368 μετὰ
645 2330 723 2359 τοῦτο
745 2328 814 2362 εἶδος
836 2330 898 2359 ὅλον

102 2372 146 2400 καὶ
161 2371 191 2401 τὸ
209 2372 254 2409 τῆς
269 2374 414 2412 γνωρίσεως
430 2372 462 2401 τό
479 2385 506 2401 τε
521 2373 723 2411 χρηματιστικὸν
739 2385 784 2401 και
802 2372 894 2412 ἀγωνι-

103 2414 191 2449 στικὸν
211 2415 255 2443 καὶ
275 2413 444 2453 θηρευτικόν,
471 2415 556 2451 ἐπειδὴ
578 2416 727 2454 δημιουργεῖ
749 2417 796 2452 μὲν
822 2414 897 2444 οὐδὲν

101 2455 211 2490 τούτων,
237 2456 270 2485 τὰ
293 2458 320 2486 δὲ
342 2456 406 2486 ὅντα
427 2458 471 2486 καὶ
492 2457 620 2496 γεγονότα
642 2457 675 2486 τὰ
696 2460 743 2495 μὲν
762 2457 896 2495 χειροῦται

101 2497 189 2537 λόγοις
209 2500 252 2527 καὶ
268 2499 392 2537 πράξεσι,
415 2499 447 2528 τὰ
466 2500 493 2528 δὲ
511 2503 567 2531 τοῖς
581 2502 755 2538 χειρουμένοις
772 2498 819 2528 οὐκ
838 2503 893 2528 ἐπι-

101 2543 198 2578 τρέποι,
215 2540 316 2579 μάλιστ’
334 2540 366 2570 ἄν
382 2554 436 2570 που
454 2541 495 2569 διὰ
513 2541 596 2571 ταῦτα
614 2541 765 2575 ξυνάπαντα
782 2542 814 2570 τὰ
831 2544 895 2580 μέρη

101 2585 175 2619 τέχνη
195 2594 233 2615 τις
252 2583 353 2620 κτητικὴ
374 2587 502 2620 λεχθεῖσα
529 2583 561 2612 ἂν
586 2585 757 2622 διαπρέψειεν.
801 2589 894 2613 ΘΕΑΙ.

103 2626 169 2653 Ναί
187 2637 282 2663 nemon
297 2625 349 2665 γὰρ
368 2625 407 2654 α’ν.
451 2633 480 2654 V.
499 2631 546 2654 ΞΕ.
564 2626 692 2663 Κτητικῆς
709 2626 739 2662 δὴ
756 2639 800 2654 και
817 2639 893 2676 ποιη-

101 2666 170 2703 τικῆς
191 2668 345 2719 ξυμπασῶν
355 2675 359 2690 ¹
383 2667 470 2697 οὐσῶν
491 2670 541 2697 τῶν
562 2669 657 2705 τεχνῶν
679 2672 705 2697 ἐν
725 2672 823 2706 ποτέρᾳ
850 2668 895 2704 τὴν

103 2707 306 2746 ασπαλιευτικήν,
324 2711 345 2739 ὦ
361 2713 490 2746 Θεαίτητε,
506 2710 634 2749 τιθῶμεν;
671 2709 820 2739 ΘΕΑ1.Ἐν
833 2723 892 2746 κτη-

934 181 958 206 -S
975 181 996 205 Ο
1010 182 1029 206 P
1044 182 1063 207 Η
1080 182 1087 207 Ι
1103 182 1120 207 S
1136 182 1156 207 T
1170 182 1201 208 A.
1714 181 1746 207 77

928 258 930 282 ἶ
950 261 1006 298 τικῇ
1029 273 1092 293 που,
1116 260 1199 296 δῆλον.
1244 266 1291 289 ΞΕ.
1309 261 1437 297 Κτητικῆς
1458 261 1486 289 δὲ
1508 255 1547 297 ἆρ’
1565 259 1596 289 οὐ
1615 260 1660 289 δύο
1679 262 1745 296 εἱδης

951 302 980 330 τὸ
1002 306 1050 340 μὲν
1071 302 1182 332 ἑκόντων
1202 303 1269 341 πρὸς
1286 303 1393 335 ἑκόντας
1407 302 1625 341 μεταβλητικὸν“
1611 315 1641 331 ον
1659 303 1701 331 διά
1718 315 1745 332 τε

951 345 1051 382 δωρεῶν
1068 346 1112 373 καὶ
1128 345 1289 382 μισθωσεων
1305 358 1348 374 και
1367 344 1531 384 ἆγοροῖσεων,
1551 345 1580 374 τὸ
1600 346 1626 374 δὲ
1644 345 1744 378 λοιπόν,

949 385 964 421 ἢ
986 399 1034 415 κατ
1063 388 1124 437 ἔργα
1146 386 1162 423 ἢ
1179 387 1246 416 κατὰ
1264 387 1358 426 λόγους
1372 387 1538 426 χειρούμενον
1555 387 1669 425 ξιμπαν,
1689 401 1743 423 χει-

950 429 1058 465 ρωτικὸν
1080 428 1112 457 ἄν
1133 432 1184 465 εἴη,-
1228 435 1321 458 ΘΕΑΙ.
1344 432 1465 458 Φαίνεται
1481 430 1546 472 γοῦν
1564 433 1590 458 ἐκ
1608 430 1658 458 τῶν
1675 430 1743 468 εἶρη-

948 473 1037 507 μένων.
1082 476 1130 499 ΞΕ
1150 473 1182 499 Τι’
1203 473 1241 505 ‹523-
1264 472 1309 507 τὴν
1328 472 1477 510 χειρωτικὴν
1499 471 1538 510 οἷρ
1556 484 1587 501 ου
1606 472 1663 509 διχῆ
1681 485 1743 510 τμη-

949 515 1020 546 τέον;
1065 518 1159 541 ΘΕΑΙ.
1182 514 1242 551 Πῇ,·
1286 519 1333 541 ΞΕ.
1358 514 1394 542 Τὸ
1415 517 1463 552 μὲν
1485 513 1637 551 αναφανδὸν
1660 521 1663 535 ¹
1684 514 1746 543 ὅλον

950 553 1120 593 ἀγωνιστικὸν
1141 557 1250 588 θέντας,
1278 556 1307 584 τὸ
1331 557 1358 584 δὲ
1379 560 1507 594 κρυφαῖον
1525 556 1602 592 αὐτῆς
1619 569 1673 585 παν
1690 561 1742 592 θη-

949 596 1071 634 ρευτικόν.
1116 602 1210 625 ΘΕΑΙ.
1235 599 1298 625 Ναί.
1342 604 1389 625 ΞΕ.
1410 598 1461 634 Τήν
1477 611 1506 636 γε
1523 599 1573 636 μὴτ
1592 600 1745 637 θηρευτικὴ)

950 638 1048 677 α’λογον
1073 638 1104 667 τὸ
1129 638 1164 676 μὴ
1192 637 1222 667 οὗ
1249 642 1346 676 τέμνει)
1368 640 1433 677 διχῇ.
1478 646 1571 668 ΘΕΑΙ
1594 644 1660 679 Λέγε
1684 641 1744 678 ὅπη.

949 680 1054 709 ΞΕ.Τό
1070 682 1118 718 μὲν
1136 679 1241 718 ἀψύχου
1261 684 1351 719 γε’νους
1373 683 1543 719 διελομένους,
1566 683 1595 711 τὸ
1619 682 1643 710 δ’
1662 683 1742 721 ἐμψύ-

947 735 1004 758 χου.
1049 728 1143 752 ΘΕΑΙ
1172 725 1203 751 Τι’
1226 723 1289 761 μήνς
1315 726 1386 761 εἴπερ
1414 725 1490 753 ε’στον
1515 737 1544 763 γε
1568 724 1652 762 ἄμφω.
1697 732 1744 754 ΞΕ.

950 806 1065 845 ἀψύχων,
1085 806 1219 845 ἇνωνυμον
1236 820 1266 836 ον
1283 808 1349 844 πλὴν
1366 807 1420 836 κατ’
1439 809 1491 836 ἔνια
1507 808 1550 844 τῆς
1565 810 1744 846 κολυμβητικῆς

950 849 1015 878 α’ττα
1032 852 1095 888 μέρη
1113 862 1156 878 και
1173 848 1270 879 τοιαῦτ
1289 849 1353 878 α’λλα
1372 851 1477 888 βραχέα,
1493 853 1593 888 χαίρειν
1611 852 1695 884 ἐᾶσαι,
1715 852 1743 880 τὸ

949 893 987 925 δέ,
1006 892 1057 921 τῶν
1076 891 1196 930 ἐμψύχων
1213 892 1282 925 ζωων
1300 888 1384 921 οὖσαν
1401 892 1498 929 θήραν,
1516 897 1673 935 προςειπεῖν
1681 897 1743 926 ’ζωο

950 934 1068 972 θηρικήν.
1112 939 1206 963 ΘΕΑΙ.
1225 934 1315 963 Ἔστω.
1360 940 1407 963 ΞΕ.
1426 936 1594 973 Ζωοθηρικῆς
1613 937 1639 964 δὲ
1658 935 1696 973 ἀρ’
1715 935 1745 964 οὗ

949 977 1055 1005 διπλοῦν
1077 975 1145 1008 εἶδος
1167 989 1199 1005 αν
1221 979 1321 1015 λέγοιτο
1346 981 1371 1005 ἐν
1393 979 1462 1015 δίκῃς
1489 977 1519 1006 τὸ
1541 981 1589 1015 μὲν
1605 978 1683 1011 πεζοῦ
1700 981 1743 1017 γε’-

949 1030 1015 1051 νους,
1034 1022 1141 1050 πολλοῖς
1158 1021 1236 1048 εἴδεσι
1254 1021 1297 1047 καὶ
1315 1018 1428 1058 ὀνόμασι
1446 1021 1608 1058 διῃρημένον,
1626 1023 1743 1056 πεξοθη-

949 1060 1032 1099 ρικόν,
1056 1061 1085 1090 τὸ
1110 1060 1133 1089 δ’
1156 1062 1243 1099 ἕτερον
1264 1062 1399 1091 νευστικοῦ
1417 1061 1482 1095 ζώου
1499 1063 1554 1091 πᾶν
1571 1066 1743 1101 ἐνυγροθηρι-

949 1102 1007 1137 κόνς
1052 1108 1145 1131 ΘΕΑΙ.
1167 1103 1246 1132 Πάνυ
1266 1116 1303 1143 γε.
1348 1110 1395 1133 ΞΕ.
1421 1104 1569 1133 Navata-nov*
1585 1105 1635 1142 μὴν
1653 1104 1681 1133 τὸ
1699 1108 1746 1142 μὲν

948 1145 1046 1181 πτηνὸν
1063 1146 1145 1182 φῦλον
1165 1152 1168 1167 ¹
1188 1145 1295 1184 ἇρῶμεν,
1314 1146 1344 1175 τὸ
1363 1147 1390 1175 δὲ
1410 1148 1526 1184 ἔνυδρονς
1571 1152 1664 1175 ΘΕΑΙ.
1683 1147 1746 1179 Πῶς

949 1186 973 1216 δ’
991 1186 1035 1222 οὖς
1079 1193 1126 1216 ΞΕ.
1143 1189 1197 1216 Καὶ
1218 1189 1262 1217 τοῦ
1280 1188 1379 1224 πτηνοῦ
1394 1191 1442 1226 μὲν
1457 1191 1548 1227 γένους
1564 1190 1640 1217 πᾶσα
1659 1188 1717 1226 ἡμῖν
1732 1189 1745 1224 ἡ

949 1229 1024 1267 θήρα
1046 1232 1147 1271 λέγεταί
1166 1230 1220 1259 πού
1243 1242 1280 1262 τις
1301 1230 1474 1269 ὀρνιθευτική.
1519 1237 1613 1260 ΘΕΑΙ.
1636 1234 1746 1270 Λέγεται

948 1285 1000 1311 γαρ
1027 1273 1080 1301 οὐι.
1125 1279 1172 1301 ΞΕ.
1200 1273 1254 1302 Τοῦ
1281 1274 1308 1302 δὲ
1334 1272 1440 1311 ἐνύδρου
1467 1274 1560 1309 σχεδὸν
1582 1273 1611 1302 τὸ
1636 1273 1746 1302 σύνολον

950 1314 1082 1350 αλιευτική.
1127 1320 1221 1343 ΘΕΑῙ.
1245 1317 1309 1343 Ναί.

950 1357 1039 1395 θήραν
1061 1355 1100 1395 ἄρ’
1123 1356 1169 1385 οὐκ
1191 1356 1224 1385 ἆν
1246 1358 1313 1386 κατὰ
1334 1361 1443 1397 μέγιστα
1451 1361 1523 1409 μέρη
1542 1357 1588 1387 δύο
1607 1360 1745 1396 διελοίμηνῑ

950 1405 1044 1428 ΘΕΑΙ.
1062 1400 1140 1428 Κατὰ
1159 1403 1238 1434 aoht,-
1277 1406 1325 1429 ΞΕ.
1343 1399 1420 1429 Καθ
1438 1400 1455 1428 α’
1472 1401 1502 1429 τὸ
1519 1403 1567 1438 μὲν
1585 1402 1682 1439 ἕρκεσιν
1697 1400 1744 1429 αὖ-

949 1441 1016 1477 τόθι
1032 1446 1145 1470 ποιεῖται
1163 1442 1208 1478 τὴν
1226 1442 1322 1481 θήραν,
1341 1443 1371 1471 τὸ
1391 1444 1417 1471 δὲ
1434 1443 1527 1482 πληγῇ.
1571 1449 1665 1471 ΘΕΑΙ.
1684 1443 1747 1475 Πῶς

949 1480 1039 1523 λὲγεις,
1062 1485 1105 1512 καὶ
1127 1485 1164 1523 πῇ
1187 1484 1365 1523 διαιρούμενος
1387 1484 1521 1523 ἑκατερον;
1565 1490 1612 1514 ΞΕ
1638 1485 1674 1514 Τὸ
1691 1489 1745 1524 μέν,

950 1526 990 1555 ὅτι
1008 1526 1069 1577 πᾶν,
1089 1526 1155 1556 ὅσον
1173 1540 1205 1555 αν
1223 1528 1294 1556 ἕνεκα
1312 1526 1446 1560 κωλύσεως
1463 1531 1535 1566 εἷ’ργῃ
1555 1534 1559 1549 ¹
1578 1540 1602 1556 τι
1619 1531 1744 1569 περιέχον,

1698 1576 1744 1599 ΞΕ.

1353 1321 1400 1344 ΞΕ.
1425 1318 1456 1344 Τί
1477 1317 1515 1349 δέ;
1538 1316 1634 1351 ταύτην
1651 1317 1684 1344 αὖ
1702 1317 1746 1352 τὴν

951 1570 1022 1607 ξ’ρκος
1044 1569 1111 1601 εἰκὸς
1135 1568 1276 1607 ὀνομάζειν.
1321 1575 1415 1599 ΘΕΑΙ
1437 1570 1516 1598 Πάνυ
1535 1572 1582 1608 μὲν
1600 1571 1653 1598 οὖν.

948 765 1012 797 Πῶς
1038 766 1065 793 δὲ
1092 777 1138 794 ουκ
1165 766 1254 799 ἔστονς
1280 767 1324 794 καὶ
1346 767 1384 794 δεῖ
1405 778 1435 805 γε
1458 766 1536 815 ἡμᾶς,
1546 772 1558 784 *
1581 768 1610 795 τὸ
1632 770 1678 804 μὲν
1696 768 1746 796 τῶν
1772 774 1809 791 ‘2¹2⁰

949 1611 1080 1662 Kv'BT‘WS'„
1091 1611 1122 1648 δὴ
1143 1613 1187 1640 καὶ
1208 1613 1296 1641 δίκτυα
1318 1613 1361 1641 καὶ
1384 1611 1495 1665 βρόχους
1511 1625 1555 1641 και
1572 1612 1687 1653 πόρκους
1702 1625 1745 1641 και
1782 1609 1784 1611 ‚

949 1667 982 1682 τα
1004 1666 1113 1683 τοιαυτα
1134 1655 1189 1692 μῶν
1212 1654 1274 1684 ἄλλο
1296 1667 1321 1683 τι
1341 1655 1435 1691 πλὴν“
1425 1656 1483 1693 ε’ρκη
1498 1654 1553 1707 χρὴ
1565 1666 1743 1694 προςαγορευ-

950 1708 998 1729 ειν,·
1043 1702 1137 1725 ΘΕΑΙ.
1163 1696 1249 1726 Οὐδὲν.
1293 1702 1340 1725 ΞΕ
1365 1697 1450 1726 Τοῦτο
1471 1700 1519 1735 μὲν
1537 1696 1588 1735 α’ρα
1603 1699 1744 1735 ἔρκοθηρι-

949 1738 996 1767 κόν
1021 1739 1064 1775 τῆς
1092 1737 1175 1778 α’γρας
1199 1739 1230 1768 τὸ
1255 1742 1334 1778 μέρος
1359 1739 1488 1793 φήσομεν,
1521 1738 1537 1775 ἦ
1568 1752 1592 1768 τι
1618 1740 1745 1769 τοιοῦτον.

950 1786 1043 1809 ΘΕΑΙ.
1072 1783 1136 1809 Ναί.
1179 1786 1227 1810 ΞΕ.
1257 1781 1293 1810 Τὸ
1321 1783 1348 1810 δε
1375 1780 1524 1820 ἀγκίστροις
1548 1783 1591 1810 καῖ
1614 1782 1746 1820 τριόδουσι

948 1823 1034 1862 πληγῇ
1050 1823 1204 1862 γιγνόμενον
1222 1836 1309 1862 ετερον
1323 1827 1372 1861 μὲν
1389 1826 1492 1857 ἐκείνου,
1510 1825 1648 1860 πληκτικὴν
1666 1825 1693 1853 δέ
1706 1837 1744 1853 τι-

948 1878 980 1894 να
1000 1865 1090 1904 θήραν
1108 1872 1112 1887 ¹
1131 1865 1199 1904 ἡμᾶς
1215 1870 1364 1904 προςειπεῖν
1380 1868 1416 1895 ἑνὶ
1434 1866 1503 1906 λόγῳ
1520 1867 1566 1895 νῦν
1581 1866 1671 1904 χρεών,
1690 1866 1705 1902 ἦ
1723 1869 1747 1895 τί

949 1919 986 1940 τις
1009 1907 1053 1941 α’ν,
1077 1910 1212 1944 Θεαίτητε,
1238 1912 1308 1937 εἴποι
1329 1908 1445 1943 κάλλιονς
1490 1914 1583 1937 ΘΕΑῙ.
1605 1909 1747 1946 Ὰμελῶμεν

948 1950 996 1979 τοῦ
1015 1949 1156 1988 ονόματος·
1175 1949 1249 1988 ἀρκεῖ
1263 1951 1315 1990 γὰρ
1333 1964 1377 1980 και
1394 1952 1481 1980 τοῦτο.
1525 1957 1573 1980 ΞΕ.
1594 1952 1644 1987 Τῆς
1661 1964 1746 1980 τοινυν

948 1993 1084 2029 πληκτικῆς
1105 1994 1135 2022 τὸ
1156 1996 1204 2031 μὲν
1222 1993 1378 2031 νυκτερινόν,
1403 1992 1486 2031 οᾷιαι,
1508 1994 1576 2032 πρὸς
1592 1994 1675 2032 πυρὸς
1691 1994 1747 2030 φῶς

947 2034 1101 2074 γιγνόμενον
1120 2034 1163 2064 ’ὑπ’
1181 2034 1266 2065 αὗτῶν
1282 2036 1334 2064 τῶν
1350 2048 1410 2074 περι
1426 2036 1472 2072 τὴν
1490 2035 1580 2074 θήραν
1596 2036 1747 2074 πυρευτικὴν

948 2077 1063 2116 ῥηθῆναι
1081 2079 1230 2116 συμβέβηκε.
1274 2084 1368 2107 ΘΕΑΙ.
1386 2077 1465 2107 Πάνυ
1481 2091 1518 2129 γρ.
1559 2084 1606 2106 ΞΕ
1624 2079 1660 2107 Τὸ
1677 2080 1704 2107 δέ
1716 2091 1745 2117 γε

947 2119 1135 2157 μεθημερινόν,
1158 2120 1193 2152 ὦς
1211 2120 1320 2156 ἐχόντων
1339 2124 1365 2149 ἐν
1383 2132 1472 2159 ακροις
1490 2120 1616 2160 ἄγκιστρα
1635 2134 1678 2149 και
1696 2121 1746 2149 τῶν

947 2161 1115 2213 τριοδόντων,
1141 2162 1196 2191 πᾶν
1223 2161 1438 2217 ἆγκιστρευτικόν.
1482 2169 1576 2191 ΘΕΑΙ.
1602 2166 1713 2202 Λέγεται
1740 2170 1743 2183 ¹

947 2204 999 2243 γὰρ
1026 2217 1080 2233 ουν.
1130 2212 1168 2233 Vl.
1195 2210 1244 2234 ΞΕ.
1272 2205 1327 2234 To&
1352 2207 1438 2234 τοίνυν
1466 2204 1675 2244 ἆγκιστρευτικοῦ
1702 2206 1745 2241 τῆς

947 2246 1083 2282 πληκτικῆς
1103 2247 1134 2276 τὸ
1155 2249 1203 2285 μὲν
1221 2246 1327 2276 ἄνωθεν
1344 2259 1381 2280 εις
1396 2247 1427 2277 τὸ
1446 2247 1515 2276 κάτω
1532 2247 1685 2287 γιγνόμενον
1703 2248 1744 2275 διὰ

947 2288 977 2317 τὸ
1000 2292 1057 2320 τοῖς
1077 2289 1225 2327 τριόδουσιν
1247 2289 1314 2319 οὕτω
1330 2290 1444 2328 μάλιστα
1460 2290 1582 2328 χρῆσθαι
1599 2291 1744 2328 τριοδοντία

947 2342 996 2364 τις,
1020 2329 1103 2369 οἶμαι,
1126 2334 1249 2368 κέκληται.
1294 2338 1389 2361 ΘΕΑΙ.
1411 2333 1482 2361 Φασὶ
1498 2333 1564 2371 γοῦν
1581 2335 1651 2364 τινές.
1696 2337 1744 2361 ΞΕ.

950 2373 985 2402 Τὸ
1005 2374 1033 2402 δέ
1048 2385 1078 2412 γε
1096 2373 1189 2403 λοιπόν
1206 2378 1276 2403 ἐστιν
1294 2387 1319 2403 εν
1337 2376 1373 2403 ἔτι
1389 2375 1483 2412 μόνον,
1502 2374 1537 2407 ὡς
1553 2375 1645 2407 εἰπεῖν,
1669 2373 1743 2406 εἶδος.

948 2421 1042 2444 ΘΕΑΙ.
1067 2416 1104 2444 Τὸ
1126 2420 1218 2450 ποῖον,·
1261 2422 1309 2446 ΞΕ.
1330 2417 1366 2446 Τὸ
1385 2417 1429 2453 τῆς
1447 2419 1562 2449 ἐναντίας
1578 2430 1660 2454 ταυτῃ
1677 2419 1741 2452 πλη-

945 2457 1004 2496 γῆς,
1027 2456 1156 2496 ἀγκίστρῳ
1178 2471 1206 2487 τε
1226 2458 1379 2498 γιγνόμενον
1400 2461 1444 2488 καὶ
1465 2472 1516 2488 των
1538 2459 1640 2495 ἰχθύων
1662 2471 1710 2495 ουχ
1727 2461 1743 2497 ᾑ

946 2511 984 2531 τις
1005 2499 1038 2528 ἂν
1058 2499 1122 2538 τύχη
1145 2505 1157 2519 *
1180 2502 1227 2530 τοῦ
1249 2501 1382 2539 σώματος,
1405 2514 1488 2540 ωςπερ
1510 2505 1566 2534 τοῖς
1587 2501 1741 2539 τριόδουσιν,
1769 2508 1793 2525 22

947 2540 1011 2570 ἄλλα
1032 2544 1093 2581 περὶ
1113 2543 1159 2579 τὴν
1179 2544 1291 2597 κεφαλὴν
1311 2545 1356 2572 καὶ
1373 2544 1403 2574 τὸ
1422 2543 1508 2582 στόμα
1526 2544 1574 2573 τοῦ
1591 2547 1740 2594 θηρευθέν-

946 2595 991 2616 τος
1012 2584 1149 2619 ἑκαστοτε,
1172 2587 1216 2614 καὶ
1237 2586 1360 2615 κατωθεν
1381 2587 1418 2619 εἷς
1439 2585 1591 2616 τουναντιόν
1615 2585 1667 2614 ἅνω
1692 2585 1742 2627 ῥα-

946 2627 1018 2664 βδοις
1033 2640 1078 2656 και
1094 2627 1220 2665 καλαμοις
1241 2640 1441 2667 ανασπωμεννοι
1471 2631 1502 2657 οὑ
1519 2630 1545 2657 τί
1564 2627 1693 2665 φήσομεν,
1721 2629 1742 2656 ὦ

924 2692 925 2699 ,
947 2670 1076 2720 Θεαίτητε,
1096 2671 1148 2699 δεῖν
1165 2670 1280 2709 τουνομα
1298 2674 1438 2710 λέγεσθαι;
1480 2676 1574 2699 ΘΕΑΙ
1594 2670 1670 2699 Auno]
1686 2673 1740 2708 μέν,

923 2702 956 2753 ἰ
945 2710 1010 2749 όπερ
1033 2711 1091 2751 α’ρτι
1112 2712 1293 2757 προύθέμεθα
1316 2715 1368 2752 δεῖν
1386 2717 1506 2752 ἐξευρεῖν,
1529 2711 1597 2742 τοῦτ’
1615 2710 1678 2742 αυτὸ
1697 2712 1742 2741 νῦν

1774 1873 1790 1890 Ι)
