1998 3084
241 189 262 209 x
886 171 1233 198 PRAEFATIO.

242 269 450 316 posteriores
478 278 498 310 η
522 267 627 302 etiam
646 266 683 300 in
702 264 895 300 indicativo
914 264 1052 298 litterae
1070 274 1084 293 ε
1109 263 1378 304 substituentes,
1408 262 1458 297 ita
1475 267 1608 304 tamen,
1638 268 1676 298 ut
1694 262 1881 309 pristinam

242 335 417 372 scribendi
439 334 612 369 rationem
635 332 672 366 in
694 325 828 371 βούλει,
851 328 969 365 02'811et
993 325 1073 373 ὄψει
1097 335 1299 366 constanter
1328 341 1487 365 servasse
1521 330 1754 377 reperiantur.
1808 328 1881 364 Iam

241 415 327 438 vero
355 401 499 436 omnino
527 399 670 446 quidem
698 397 853 432 dubitari
874 402 1004 444 potest,
1034 409 1141 444 quam
1163 398 1232 432 late
1255 396 1312 431 hic
1335 396 1509 431 scribendi
1533 409 1608 432 mos
1631 396 1725 444 apud
1747 396 1883 431 Atticos

242 468 397 516 patuerit
425 472 460 502 et
481 479 568 501 num
590 465 634 500 ab
657 465 743 512 ipsis
765 477 828 512 per
850 465 969 499 omnia
991 464 1222 511 aequabiliter
1244 469 1407 500 servatus
1430 464 1486 498 sit.
1531 462 1757 499 Grammatici
1790 464 1885 498 enim

243 545 495 582 saepenumero
518 533 678 568 Atticum
701 532 825 567 dicunt
842 544 913 567 non
933 531 1028 578 quod
1052 532 1095 566 ab
1114 531 1242 566 Atticis
1261 531 1364 565 unice
1388 536 1441 565 est
1460 536 1683 577 usurpatum,
1712 530 1773 565 sed
1791 530 1886 577 quod

242 603 284 637 iis
303 602 410 636 etiam
427 600 486 635 hic
503 605 538 635 et
556 600 628 634 ilh'c
646 600 683 634 in
702 612 770 634 usu
787 599 866 634 fuit.
905 597 973 633 Sed
991 611 1035 633 ne
1054 599 1096 633 de
1115 598 1192 633 aliis
1212 598 1459 644 scriptoribus,
1479 597 1771 645 Aristophane,
1791 597 1886 632 Tra·
1938 591 1941 595 ’

240 669 358 717 gicis,
388 666 642 715 Thucydide,
671 665 944 713 Xenophonte
974 666 1146 709 dicamus,
1176 665 1270 712 apud
1298 677 1386 711 quos
1417 677 1500 700 sane
1523 664 1584 699 illa
1605 665 1780 712 scriptura
1802 665 1887 700 item

242 735 454 771 creberrima
477 739 543 776 est,
572 733 667 781 apud
689 733 874 768 Platonem
896 733 1039 780 quidem
1061 732 1147 779 quid
1166 733 1217 767 rei
1240 733 1299 774 sit,
1322 731 1425 767 nobis
1448 737 1541 766 certe
1563 744 1636 766 non
1655 731 1796 767 videtur
1814 732 1887 766 ullo

242 802 346 838 modo
371 801 519 837 dubium
543 805 606 836 aut
630 806 898 836 controversum
921 813 1006 835 esse.
1059 799 1150 835 Nam
1167 800 1225 834 hic
1243 800 1399 846 profecto
1418 799 1515 834 illam
1532 799 1681 834 formam
1699 811 1835 846 semper
1853 804 1889 834 et

243 870 374 916 ubique
403 880 592 915 usurpasse
619 867 775 911 videtur,
802 867 839 902 id
861 867 955 914 quod
983 879 1029 902 ex
1050 866 1149 902 codd.
1172 879 1254 901 mss.
1285 866 1370 901 satis
1395 871 1489 901 certo
1514 866 1746 914 cognoscitur.
1799 865 1888 901 Nam

244 936 448 984 paucissimi
472 947 556 970 sane
579 935 646 970 loci
669 935 910 981 reperiuntur,
934 935 995 969 ubi
1017 934 1069 969 illi
1092 946 1170 969 eam
1188 934 1399 981 scripturam
1418 946 1490 968 non
1509 933 1701 969 exhibeant
1719 939 1754 969 et
1772 938 1888 968 aucto-

243 1005 347 1040 ritate
371 1015 436 1039 sua
458 1015 629 1050 perquam
652 1001 755 1050 gravi
778 1006 957 1036 tueantur.
1011 1001 1115 1037 Certe
1140 1001 1214 1036 cod.
1241 1001 1452 1036 Clarkianus
1477 1013 1554 1036 eam
1578 1001 1615 1035 in
1639 1001 1768 1049 viginti
1792 1006 1890 1048 quat-

242 1077 334 1114 tuor,
354 1083 442 1118 quos
462 1070 634 1113 continet,
654 1069 754 1104 libris
768 1068 1099 1117 -Euthyphrone,
1118 1068 1309 1116 Apologia,
1328 1068 1489 1111 Critone,
1511 1068 1716 1111 Phaedone,
1736 1068 1890 1117 Cratylo,

245 1139 447 1181 Theaeteto,
467 1135 642 1185 Sophista,
661 1136 821 1180 Politico,
840 1135 1060 1179 Parmenide,
1079 1135 1238 1179 Philebo,
1258 1134 1455 1184 Symposio,
1474 1135 1646 1179 Phaedro,
1664 1135 1846 1171 Alcibiade
1864 1135 1890 1170 I.

246 1212 281 1242 et
298 1205 352 1249 H„
370 1205 589 1253 Hipparcho,
608 1204 760 1248 Erastis,
781 1204 939 1252 Theage,
959 1203 1157 1247 Charmide,
1176 1203 1338 1247 Lachete,
1356 1203 1496 1253 Lyside,
1514 1203 1749 1252 Euthydemo,
1771 1202 1891 1238 Prota-

247 1286 349 1322 gora,
369 1271 517 1321 Gorgia,
535 1271 686 1308 Menone
705 1290 753 1292 —
770 1277 844 1307 tam
862 1272 1001 1307 fortiter
1018 1276 1154 1314 tuetur,
1180 1276 1220 1306 ut
1238 1271 1287 1306 ibi
1305 1271 1370 1307 vix
1387 1276 1459 1306 tres
1478 1276 1693 1318 quattuorve
1712 1270 1778 1306 loci
1797 1283 1892 1317 repe-

247 1341 403 1384 riantur,
428 1340 490 1375 ubi
515 1339 649 1374 scribae
674 1340 733 1376 vel
757 1339 869 1374 critici
893 1339 937 1374 ab
962 1351 1004 1374 ea
1027 1338 1254 1382 aberrarunt3
1284 1350 1499 1385 quamquam
1522 1338 1558 1373 in
1587 1338 1766 1385 prioribus
1794 1337 1894 1373 libris

248 1408 308 1443 hic
326 1413 361 1443 et
379 1408 451 1443 illic
469 1407 575 1442 etiam
594 1407 779 1456 vulgarem
796 1407 946 1442 sormam
964 1406 1072 1441 habet
1088 1418 1110 1441 a
1127 1406 1282 1441 secunda
1299 1418 1407 1441 manu
1426 1406 1648 1453 adscriptam.
1686 1405 1808 1452 Neque
1826 1406 1896 1440 alia

246 1542 358 1578 veluti
383 1541 428 1577 ad
446 1542 555 1577 libros
573 1541 800 1588 Reipublicae
830 1546 936 1588 atque
957 1540 1108 1590 Legum,
1132 1553 1175 1576 eo
1199 1541 1329 1576 certius
1354 1540 1579 1577 confirmavit
1597 1541 1729 1588 ubique
1746 1539 1895 1576 auctori-

246 1615 355 1645 tatem
374 1609 585 1656 scripturae,
615 1621 686 1655 qua
709 1609 853 1656 passiva
870 1621 911 1644 ac
929 1608 1047 1644 media
1064 1609 1101 1643 in
1121 1618 1147 1639 ει
1169 1608 1358 1644 terminata
1376 1614 1469 1644 sunt.
1522 1608 1669 1644 Accedit
1686 1607 1774 1644 fides
1791 1607 1896 1643 libro-

246 1690 327 1712 rum
349 1676 442 1712 Vat.
470 1675 531 1720 A.,
560 1675 670 1711 Flor.
695 1676 753 1720 B„
780 1675 930 1712 Venet.
956 1676 994 1711 C.
1020 1676 1171 1711 aliorum
1194 1688 1266 1712 non
1290 1688 1500 1724 paucorum,
1535 1675 1597 1722 qui
1627 1675 1697 1711 illis
1724 1680 1896 1723 tanquam

250 1744 430 1792 suppetias
447 1744 582 1787 ferunt,
607 1749 643 1779 et
666 1743 748 1778 licet
772 1743 950 1779 interdum
975 1743 1081 1778 etiam
1105 1743 1290 1793 vulgarem
1314 1743 1464 1779 offerant
1486 1744 1651 1786 formam,
1675 1748 1793 1778 tamen
1812 1743 1896 1778 item

246 1812 378 1859 passim
401 1810 668 1847 evidentissima
694 1811 841 1846 alterius
864 1811 1012 1846 rationis
1037 1810 1171 1846 habent
1194 1811 1356 1860 vestigia.
1423 1810 1546 1857 Itaque
1564 1823 1648 1847 vere
1666 1810 1830 1847 videmur
1849 1811 1896 1845 af-

247 1880 388 1914 firmare
422 1884 457 1913 et
491 1878 717 1921 contendere,
751 1890 816 1926 per
849 1878 1058 1914 universum
1086 1877 1271 1913 Platonem
1302 1878 1532 1925 paucissimos
1565 1878 1773 1927 investigari
1801 1878 1896 1913 locos

248 1958 366 1994 posse,
391 1946 429 1980 in
447 1945 577 1992 quibus
596 1945 755 1993 vulgaris
773 1945 977 1981 terminatio
1001 1945 1178 1981 communi
1203 1945 1362 1980 omnium
1386 1945 1556 1980 librorum
1581 1958 1755 1981 consensu
1773 1945 1896 1980 confir-

248 2019 374 2049 metur.
429 2011 532 2056 Quod
550 2025 620 2059 quo
639 2012 716 2047 iure
734 2012 785 2047 ita
802 2012 975 2056 dicamus,
1006 2013 1091 2048 satis
1109 2013 1177 2047 erit
1194 2025 1266 2048 uno
1285 2025 1395 2059 eoque
1414 2013 1693 2048 luculentissimo
1712 2012 1763 2048 rei
1781 2025 1896 2048 exem-

248 2081 307 2128 plo
325 2080 577 2116 demonstrare.
632 2079 902 2127 Amplissimum
920 2092 996 2115 esse
1014 2092 1136 2115 omnes
1154 2085 1288 2115 norunt
1305 2092 1410 2127 opus,
1429 2080 1524 2126 quod
1542 2081 1652 2129 vulgo
1669 2080 1897 2128 Reipublicae

250 2148 393 2183 nomine
412 2147 628 2182 inscribitur.
674 2146 715 2182 In
733 2160 775 2183 eo
793 2160 879 2183 vero
897 2147 963 2184 vix
980 2147 1050 2182 tria
1067 2152 1282 2194 quattuorve
1306 2152 1431 2183 extant
1454 2148 1613 2196 vulgaris
1637 2147 1897 2183 terminationis

251 2214 415 2250 omnibus
455 2213 614 2249 codicum
654 2214 831 2263 suffragiis
869 2215 1096 2250 confirmatae
1130 2215 1302 2262 exempla.
1354 2214 1445 2250 Nam
1479 2227 1569 2262 quae
1603 2212 1896 2250 Schneiderus

251 2281 366 2317 Praef.
391 2281 437 2317 ad
460 2281 565 2317 Polit.
590 2281 670 2317 Vol.
696 2281 721 2316 Ι.
747 2294 780 2329 p.
802 2280 861 2317 LI.
886 2282 931 2317 ad
955 2282 1168 2318 contrariam
1187 2282 1398 2317 sententiam
1416 2281 1672 2317 defendendam
1695 2282 1831 2324 attulit,
1856 2294 1897 2317 ea

246 2348 367 2385 omnia
385 2353 469 2384 sunt
489 2348 678 2392 eiusmodi,
704 2354 744 2384 ut
766 2354 954 2396 postquam
973 2349 1047 2385 cod.
1072 2349 1164 2385 Par.
1189 2349 1232 2385 A.
1252 2349 1369 2384 denuo
1387 2361 1577 2385 excussum
1595 2349 1781 2393 habemus,
1806 2349 1897 2384 nihil

247 2415 293 2452 ad
315 2415 569 2452 vindicandam
592 2416 775 2464 vulgatam
800 2417 1012 2464 scripturam
1029 2417 1148 2453 valere
1167 2416 1406 2452 existimanda
1423 2417 1505 2452 sint.
1559 2416 1592 2451 Is
1611 2416 1705 2451 enim
1723 2416 1858 2463 liquido
1877 2429 1896 2450 a

245 2483 362 2532 prima
379 2495 490 2518 manu
509 2483 680 2530 scriptum
699 2483 845 2519 exhibet
863 2479 1080 2525 ἅκριβιλογεῒ
1095 2483 1121 2519 I.
1142 2485 1225 2520 340.
1244 2483 1285 2519 E.
1310 2479 1386 2527 ἡγεῖ
1403 2485 1486 2519 343.
1506 2484 1545 2518 Β.
1566 2483 1624 2518 ΠΙ.
1646 2485 1730 2519 386.
1749 2483 1793 2519 Α.
1814 2481 1897 2515 εἴσει

244 2549 303 2585 ΠἸ.
331 2550 414 2585 392.
441 2549 484 2585 D.
511 2548 603 2593 αἱρεῖ
627 2552 711 2586 397.
736 2551 779 2586 D.
806 2548 994 2594 παραδέξει
1019 2553 1102 2587 399.
1127 2551 1179 2586 1)..
1192 2545 1404 2595 ἅπολογήσει
1423 2550 1483 2586 IV.
1504 2553 1587 2587 419.
1608 2550 1650 2585 A.
1669 2545 1791 2594 χρήσει
1811 2550 1893 2585 423.

245 2616 288 2652 A.
319 2618 403 2653 432.
434 2617 474 2653 O.
502 2617 546 2653 D.
578 2617 756 2649 ἐπαινέσει
785 2620 869 2654 426.
894 2618 934 2653 Β.
961 2614 1122 2657 &nodata
1146 2619 1230 2654 430.
1255 2617 1296 2654 C.
1321 2613 1488 2656 ἐπιτεύξει
1512 2620 1595 2653 431.
1622 2618 1659 2653 C.
1685 2617 1793 2653 habet
1811 2617 1894 2652 item

246 2682 413 2722 mmmm
433 2683 478 2719 V.
505 2686 588 2719 451.
616 2685 656 2720 C.
682 2681 757 2729 ἡγῇ
774 2687 857 2721 456.
877 2685 920 2720 D.
942 2687 1025 2722 459.
1045 2685 1084 2720 B.
1107 2688 1190 2721 467.
1209 2685 1250 2720 Β.
1271 2679 1445 2729 ἁφεθήσει
1470 2686 1553 2721 472.
1574 2685 1616 2720 A.
1638 2680 1788 2729 ήγεῑἯ.
1809 2685 1892 2720 486.
