<?xml version="1.0" encoding="UTF-8"?>
<!DOCTYPE html PUBLIC "-//W3C//DTD XHTML 1.0 Transitional//EN"
    "http://www.w3.org/TR/xhtml1/DTD/xhtml1-transitional.dtd">
<html xmlns="http://www.w3.org/1999/xhtml" xml:lang="en" lang="en">
 <head>
  <title>
</title>
<meta http-equiv="Content-Type" content="text/html;charset=utf-8" />
  <meta name='ocr-system' content='tesseract 3.04.00' />
  <meta name='ocr-capabilities' content='ocr_page ocr_carea ocr_par ocr_line ocrx_word'/>
</head>
<body>
  <div class='ocr_page' id='page_1' title='image "./operaomniaunovol00platuoft/operaomniaunovol00platuoft_0301.png"; bbox 0 0 1998 3084; ppageno 0'>
   <div class='ocr_carea' id='block_1_1' title="bbox 61 710 96 728">
    <p class='ocr_par' dir='ltr' id='par_1_1' title="bbox 61 710 96 728">
     <span class='ocr_line' id='line_1_1' title="bbox 61 710 96 728; baseline 0 0"><span class='ocrx_word' id='word_1_1' title='bbox 61 710 96 728; x_wconf 51' lang='lat'>²82</span> 
     </span>
    </p>
   </div>
   <div class='ocr_carea' id='block_1_2' title="bbox 779 161 1111 188">
    <p class='ocr_par' dir='ltr' id='par_1_2' title="bbox 779 161 1111 188">
     <span class='ocr_line' id='line_1_2' title="bbox 779 161 1111 188; baseline 0.003 -1"><span class='ocrx_word' id='word_1_2' title='bbox 779 161 1111 188; x_wconf 85' lang='lat' dir='ltr'>POLlTlCUS.</span> 
     </span>
    </p>
   </div>
   <div class='ocr_carea' id='block_1_3' title="bbox 118 236 917 2345">
    <p class='ocr_par' dir='ltr' id='par_1_3' title="bbox 118 236 917 2345">
     <span class='ocr_line' id='line_1_3' title="bbox 122 236 822 280; baseline -0.003 -10"><span class='ocrx_word' id='word_1_3' title='bbox 122 244 245 280; x_wconf 79' lang='grc' dir='ltr'>γενέσεως</span> <span class='ocrx_word' id='word_1_4' title='bbox 263 236 346 270; x_wconf 64' lang='grc' dir='ltr'>οὖσαν</span> <span class='ocrx_word' id='word_1_5' title='bbox 364 241 503 272; x_wconf 80' lang='grc' dir='ltr'>ξυναίτιον,</span> <span class='ocrx_word' id='word_1_6' title='bbox 526 238 571 274; x_wconf 78' lang='grc' dir='ltr'>τὴν</span> <span class='ocrx_word' id='word_1_7' title='bbox 589 239 616 267; x_wconf 85' lang='grc' dir='ltr'>δὲ</span> <span class='ocrx_word' id='word_1_8' title='bbox 634 238 713 275; x_wconf 71' lang='grc' dir='ltr'>αὐτὴν</span> <span class='ocrx_word' id='word_1_9' title='bbox 731 241 822 268; x_wconf 80' lang='grc' dir='ltr'>αἰτίαν.</span> 
     </span>
     <span class='ocr_line' id='line_1_4' title="bbox 123 281 916 320; baseline -0.004 -9"><span class='ocrx_word' id='word_1_10' title='bbox 123 289 179 312; x_wconf 90' lang='grc' dir='ltr'>ΣΩ.</span> <span class='ocrx_word' id='word_1_11' title='bbox 201 285 277 316; x_wconf 80' lang='grc' dir='ltr'>Πῶς,-</span> <span class='ocrx_word' id='word_1_12' title='bbox 321 288 369 311; x_wconf 88' lang='grc' dir='ltr'>ΞΕ.</span> <span class='ocrx_word' id='word_1_13' title='bbox 389 282 464 310; x_wconf 91' lang='grc' dir='ltr'>Ὀσαι</span> <span class='ocrx_word' id='word_1_14' title='bbox 487 284 534 318; x_wconf 85' lang='grc' dir='ltr'>μὲν</span> <span class='ocrx_word' id='word_1_15' title='bbox 556 283 585 309; x_wconf 87' lang='grc' dir='ltr'>τὸ</span> <span class='ocrx_word' id='word_1_16' title='bbox 604 282 713 320; x_wconf 75' lang='grc' dir='ltr'>πρᾶγμα</span> <span class='ocrx_word' id='word_1_17' title='bbox 732 281 795 311; x_wconf 76' lang='grc' dir='ltr'>αὐτὸ</span> <span class='ocrx_word' id='word_1_18' title='bbox 814 281 849 319; x_wconf 86' lang='grc' dir='ltr'>μὴ</span> <span class='ocrx_word' id='word_1_19' title='bbox 872 283 916 317; x_wconf 88' lang='grc' dir='ltr'>δη-</span> 
     </span>
     <span class='ocr_line' id='line_1_5' title="bbox 121 322 915 374; baseline -0.005 -19"><span class='ocrx_word' id='word_1_20' title='bbox 121 326 288 374; x_wconf 74' lang='grc' dir='ltr'>μιουργοῦσι,</span> <span class='ocrx_word' id='word_1_21' title='bbox 309 327 366 355; x_wconf 84' lang='grc' dir='ltr'>ταῖς</span> <span class='ocrx_word' id='word_1_22' title='bbox 387 324 414 351; x_wconf 88' lang='grc' dir='ltr'>δὲ</span> <span class='ocrx_word' id='word_1_23' title='bbox 436 322 652 374; x_wconf 76' lang='grc' dir='ltr'>δημιουργούσαις</span> <span class='ocrx_word' id='word_1_24' title='bbox 675 330 678 345; x_wconf 89' lang='lat'><strong>¹</strong></span> <span class='ocrx_word' id='word_1_25' title='bbox 702 323 803 362; x_wconf 87' lang='grc' dir='ltr'>ὀργανα</span> <span class='ocrx_word' id='word_1_26' title='bbox 829 336 915 362; x_wconf 87' lang='grc' dir='ltr'>παρα-</span> 
     </span>
     <span class='ocr_line' id='line_1_6' title="bbox 124 364 915 403; baseline -0.004 -7"><span class='ocrx_word' id='word_1_27' title='bbox 124 367 216 397; x_wconf 79' lang='grc' dir='ltr'>σκευιὶ</span> <span class='ocrx_word' id='word_1_28' title='bbox 206 372 302 400; x_wconf 86' lang='grc' dir='ltr'>ουσιν,</span> <span class='ocrx_word' id='word_1_29' title='bbox 325 377 360 394; x_wconf 91' lang='grc' dir='ltr'>ων</span> <span class='ocrx_word' id='word_1_30' title='bbox 379 365 414 402; x_wconf 82' lang='grc' dir='ltr'>μὴ</span> <span class='ocrx_word' id='word_1_31' title='bbox 435 368 652 403; x_wconf 79' lang='grc' dir='ltr'>παραγενομένων</span> <span class='ocrx_word' id='word_1_32' title='bbox 674 364 720 394; x_wconf 70' lang='grc' dir='ltr'>οὐκ</span> <span class='ocrx_word' id='word_1_33' title='bbox 743 365 775 394; x_wconf 70' lang='grc' dir='ltr'>ἄν</span> <span class='ocrx_word' id='word_1_34' title='bbox 791 378 856 395; x_wconf 87' lang='grc' dir='ltr'>ποτε</span> <span class='ocrx_word' id='word_1_35' title='bbox 875 370 915 403; x_wconf 79' lang='grc' dir='ltr'>ἐρ-</span> 
     </span>
     <span class='ocr_line' id='line_1_7' title="bbox 122 406 915 456; baseline -0.003 -18"><span class='ocrx_word' id='word_1_36' title='bbox 122 411 238 448; x_wconf 81' lang='grc' dir='ltr'>γασθείη</span> <span class='ocrx_word' id='word_1_37' title='bbox 256 408 286 437; x_wconf 86' lang='grc' dir='ltr'>τὸ</span> <span class='ocrx_word' id='word_1_38' title='bbox 303 410 523 456; x_wconf 73' lang='grc' dir='ltr'>προςτεταγμέιον</span> <span class='ocrx_word' id='word_1_39' title='bbox 544 406 640 444; x_wconf 76' lang='grc' dir='ltr'>ἑκάστη</span> <span class='ocrx_word' id='word_1_40' title='bbox 662 408 712 436; x_wconf 86' lang='grc' dir='ltr'>τῶν</span> <span class='ocrx_word' id='word_1_41' title='bbox 734 408 834 443; x_wconf 78' lang='grc' dir='ltr'>τεχνῶν,</span> <span class='ocrx_word' id='word_1_42' title='bbox 854 407 915 436; x_wconf 83' lang='grc' dir='ltr'>ταύ-</span> 
     </span>
     <span class='ocr_line' id='line_1_8' title="bbox 123 448 914 489; baseline -0.003 -10"><span class='ocrx_word' id='word_1_43' title='bbox 123 462 170 483; x_wconf 87' lang='grc' dir='ltr'>τας</span> <span class='ocrx_word' id='word_1_44' title='bbox 184 454 231 489; x_wconf 85' lang='grc' dir='ltr'>μὲν</span> <span class='ocrx_word' id='word_1_45' title='bbox 248 451 401 482; x_wconf 78' lang='grc' dir='ltr'><strong><em>ξυναιτίους,</em></strong></span> <span class='ocrx_word' id='word_1_46' title='bbox 423 449 470 480; x_wconf 80' lang='grc' dir='ltr'>τὰς</span> <span class='ocrx_word' id='word_1_47' title='bbox 491 450 518 477; x_wconf 80' lang='grc' dir='ltr'>δὲ</span> <span class='ocrx_word' id='word_1_48' title='bbox 542 448 604 477; x_wconf 84' lang='grc' dir='ltr'>αυτὸ</span> <span class='ocrx_word' id='word_1_49' title='bbox 624 450 653 478; x_wconf 81' lang='grc' dir='ltr'>τὸ</span> <span class='ocrx_word' id='word_1_50' title='bbox 671 451 780 488; x_wconf 77' lang='grc' dir='ltr'>πρᾶγμα</span> <span class='ocrx_word' id='word_1_51' title='bbox 799 449 914 488; x_wconf 71' lang='grc' dir='ltr'>ἀπεργα-</span> 
     </span>
     <span class='ocr_line' id='line_1_9' title="bbox 123 490 914 540; baseline 0 -20"><span class='ocrx_word' id='word_1_52' title='bbox 123 495 228 529; x_wconf 80' lang='grc' dir='ltr'>ζομένας</span> <span class='ocrx_word' id='word_1_53' title='bbox 246 492 335 523; x_wconf 75' lang='grc' dir='ltr'>αἰτίας.</span> <span class='ocrx_word' id='word_1_54' title='bbox 370 497 420 519; x_wconf 90' lang='grc' dir='ltr'>ΝΕ.</span> <span class='ocrx_word' id='word_1_55' title='bbox 439 497 495 519; x_wconf 91' lang='grc' dir='ltr'>ΣΩ.</span> <span class='ocrx_word' id='word_1_56' title='bbox 510 490 576 527; x_wconf 77' lang='grc' dir='ltr'>Ἔχει</span> <span class='ocrx_word' id='word_1_57' title='bbox 590 492 655 540; x_wconf 76' lang='grc' dir='ltr'>γοῦν</span> <span class='ocrx_word' id='word_1_58' title='bbox 669 492 755 530; x_wconf 83' lang='grc' dir='ltr'>λόγον.</span> <span class='ocrx_word' id='word_1_59' title='bbox 791 498 839 520; x_wconf 87' lang='grc' dir='ltr'>ΞΕ.</span> <span class='ocrx_word' id='word_1_60' title='bbox 856 497 914 520; x_wconf 85' lang='grc' dir='ltr'>Με-</span> 
     </span>
     <span class='ocr_line' id='line_1_10' title="bbox 121 532 917 583; baseline -0.005 -19"><span class='ocrx_word' id='word_1_61' title='bbox 121 534 155 564; x_wconf 77' lang='grc' dir='ltr'>τὰ</span> <span class='ocrx_word' id='word_1_62' title='bbox 172 534 250 563; x_wconf 72' lang='grc' dir='ltr'>τοῦτο</span> <span class='ocrx_word' id='word_1_63' title='bbox 269 533 299 569; x_wconf 84' lang='grc' dir='ltr'>δὴ</span> <span class='ocrx_word' id='word_1_64' title='bbox 321 533 368 564; x_wconf 82' lang='grc' dir='ltr'>τὰς</span> <span class='ocrx_word' id='word_1_65' title='bbox 377 535 432 583; x_wconf 84' lang='grc' dir='ltr'>μὲν</span> <span class='ocrx_word' id='word_1_66' title='bbox 452 535 512 571; x_wconf 81' lang='grc' dir='ltr'>περί</span> <span class='ocrx_word' id='word_1_67' title='bbox 532 545 559 562; x_wconf 85' lang='grc' dir='ltr'>τε</span> <span class='ocrx_word' id='word_1_68' title='bbox 582 532 725 571; x_wconf 80' lang='grc' dir='ltr'>ἀτρακτους</span> <span class='ocrx_word' id='word_1_69' title='bbox 742 547 785 562; x_wconf 87' lang='grc' dir='ltr'>και</span> <span class='ocrx_word' id='word_1_70' title='bbox 803 535 917 571; x_wconf 77' lang='grc' dir='ltr'><strong><em>κερκίδας</em></strong></span> 
     </span>
     <span class='ocr_line' id='line_1_11' title="bbox 121 574 914 626; baseline -0.004 -20"><span class='ocrx_word' id='word_1_71' title='bbox 121 589 165 606; x_wconf 85' lang='grc' dir='ltr'>και</span> <span class='ocrx_word' id='word_1_72' title='bbox 182 575 271 605; x_wconf 85' lang='grc' dir='ltr'>ὁπόσα</span> <span class='ocrx_word' id='word_1_73' title='bbox 290 574 355 603; x_wconf 90' lang='grc' dir='ltr'>α’λλα</span> <span class='ocrx_word' id='word_1_74' title='bbox 373 574 472 621; x_wconf 71' lang='grc' dir='ltr'>ὄργανα</span> <span class='ocrx_word' id='word_1_75' title='bbox 490 576 534 611; x_wconf 80' lang='grc' dir='ltr'>τῆς</span> <span class='ocrx_word' id='word_1_76' title='bbox 551 588 609 613; x_wconf 86' lang='grc' dir='ltr'>περι</span> <span class='ocrx_word' id='word_1_77' title='bbox 627 575 659 604; x_wconf 84' lang='grc' dir='ltr'>τὰ</span> <span class='ocrx_word' id='word_1_78' title='bbox 683 575 849 626; x_wconf 73' lang='grc' dir='ltr'><em>ἀμφιέσματα</em></span> <span class='ocrx_word' id='word_1_79' title='bbox 871 588 914 614; x_wconf 82' lang='grc' dir='ltr'>γε-</span> 
     </span>
     <span class='ocr_line' id='line_1_12' title="bbox 122 616 914 656; baseline -0.003 -8"><span class='ocrx_word' id='word_1_80' title='bbox 122 621 213 650; x_wconf 81' lang='grc' dir='ltr'>νέσεως</span> <span class='ocrx_word' id='word_1_81' title='bbox 229 621 351 650; x_wconf 81' lang='grc' dir='ltr'>κοινωνεῖ,</span> <span class='ocrx_word' id='word_1_82' title='bbox 369 629 459 649; x_wconf 79' lang='grc' dir='ltr'>πασας</span> <span class='ocrx_word' id='word_1_83' title='bbox 474 620 616 649; x_wconf 80' lang='grc' dir='ltr'>ξυναιτίους</span> <span class='ocrx_word' id='word_1_84' title='bbox 630 622 747 656; x_wconf 75' lang='grc' dir='ltr'>εἴπωμεν,</span> <span class='ocrx_word' id='word_1_85' title='bbox 763 617 810 649; x_wconf 82' lang='grc' dir='ltr'>τὰς</span> <span class='ocrx_word' id='word_1_86' title='bbox 825 619 852 646; x_wconf 84' lang='grc' dir='ltr'>δὲ</span> <span class='ocrx_word' id='word_1_87' title='bbox 868 616 914 646; x_wconf 79' lang='grc' dir='ltr'>αὐ-</span> 
     </span>
     <span class='ocr_line' id='line_1_13' title="bbox 121 659 915 698; baseline -0.003 -8"><span class='ocrx_word' id='word_1_88' title='bbox 121 661 153 690; x_wconf 82' lang='grc' dir='ltr'>τὰ</span> <span class='ocrx_word' id='word_1_89' title='bbox 172 659 375 698; x_wconf 78' lang='grc' dir='ltr'>θεραπευούσας</span> <span class='ocrx_word' id='word_1_90' title='bbox 392 672 435 687; x_wconf 89' lang='grc' dir='ltr'>και</span> <span class='ocrx_word' id='word_1_91' title='bbox 453 660 661 698; x_wconf 83' lang='grc' dir='ltr'>δημιουργούσας</span> <span class='ocrx_word' id='word_1_92' title='bbox 676 661 771 694; x_wconf 56' lang='lat' dir='ltr'>uitione,-</span> <span class='ocrx_word' id='word_1_93' title='bbox 793 666 843 688; x_wconf 87' lang='lat' dir='ltr'>NE.</span> <span class='ocrx_word' id='word_1_94' title='bbox 860 666 915 688; x_wconf 84' lang='grc' dir='ltr'>ΣΩ.</span> 
     </span>
     <span class='ocr_line' id='line_1_14' title="bbox 120 701 915 753; baseline -0.005 -20.964"><span class='ocrx_word' id='word_1_95' title='bbox 120 702 279 753; x_wconf 55' lang='grc' dir='ltr'>ῼρθότατα.</span> <span class='ocrx_word' id='word_1_96' title='bbox 322 707 370 731; x_wconf 92' lang='grc' dir='ltr'>ΞΕ.</span> <span class='ocrx_word' id='word_1_97' title='bbox 391 708 448 730; x_wconf 90' lang='grc' dir='ltr'>Των</span> <span class='ocrx_word' id='word_1_98' title='bbox 470 707 482 719; x_wconf 82' lang='grc'>*</span> <span class='ocrx_word' id='word_1_99' title='bbox 506 702 594 730; x_wconf 82' lang='grc' dir='ltr'>αιιιῶν</span> <span class='ocrx_word' id='word_1_100' title='bbox 612 703 641 737; x_wconf 87' lang='grc' dir='ltr'>δὴ</span> <span class='ocrx_word' id='word_1_101' title='bbox 658 701 794 738; x_wconf 83' lang='grc' dir='ltr'>πλυντικὴν</span> <span class='ocrx_word' id='word_1_102' title='bbox 809 705 856 739; x_wconf 83' lang='grc' dir='ltr'>μὲν</span> <span class='ocrx_word' id='word_1_103' title='bbox 872 703 915 729; x_wconf 83' lang='grc' dir='ltr'>καὶ</span> 
     </span>
     <span class='ocr_line' id='line_1_15' title="bbox 122 743 914 782; baseline -0.004 -8"><span class='ocrx_word' id='word_1_104' title='bbox 122 744 256 780; x_wconf 76' lang='grc' dir='ltr'>ἆκεο-ιικὴν</span> <span class='ocrx_word' id='word_1_105' title='bbox 276 745 320 772; x_wconf 81' lang='grc' dir='ltr'>καὶ</span> <span class='ocrx_word' id='word_1_106' title='bbox 340 744 432 772; x_wconf 71' lang='grc' dir='ltr'>πᾶσαν</span> <span class='ocrx_word' id='word_1_107' title='bbox 454 744 498 779; x_wconf 80' lang='grc' dir='ltr'>τὴν</span> <span class='ocrx_word' id='word_1_108' title='bbox 523 746 582 782; x_wconf 78' lang='grc' dir='ltr'>περὶ</span> <span class='ocrx_word' id='word_1_109' title='bbox 608 745 690 772; x_wconf 78' lang='grc' dir='ltr'>ταῦτα</span> <span class='ocrx_word' id='word_1_110' title='bbox 717 743 914 782; x_wconf 79' lang='grc' dir='ltr'>θεραπευτικήν,</span> 
     </span>
     <span class='ocr_line' id='line_1_16' title="bbox 120 784 912 823; baseline -0.003 -7"><span class='ocrx_word' id='word_1_111' title='bbox 120 787 215 823; x_wconf 80' lang='grc' dir='ltr'>πολλῆς</span> <span class='ocrx_word' id='word_1_112' title='bbox 236 785 316 822; x_wconf 71' lang='grc' dir='ltr'>οὔσης</span> <span class='ocrx_word' id='word_1_113' title='bbox 337 786 381 822; x_wconf 83' lang='grc' dir='ltr'>τῆς</span> <span class='ocrx_word' id='word_1_114' title='bbox 401 787 566 823; x_wconf 81' lang='grc' dir='ltr'>κοσμητικῆς,</span> <span class='ocrx_word' id='word_1_115' title='bbox 589 786 743 815; x_wconf 79' lang='grc' dir='ltr'>τουνταῦθα</span> <span class='ocrx_word' id='word_1_116' title='bbox 766 784 844 821; x_wconf 84' lang='grc' dir='ltr'>αυτῆς</span> <span class='ocrx_word' id='word_1_117' title='bbox 863 785 912 823; x_wconf 79' lang='grc' dir='ltr'>μό-</span> 
     </span>
     <span class='ocr_line' id='line_1_17' title="bbox 120 827 915 868; baseline -0.004 -10"><span class='ocrx_word' id='word_1_118' title='bbox 120 842 177 868; x_wconf 87' lang='grc' dir='ltr'>ριον</span> <span class='ocrx_word' id='word_1_119' title='bbox 193 829 261 860; x_wconf 80' lang='grc' dir='ltr'>εἰκὸς</span> <span class='ocrx_word' id='word_1_120' title='bbox 276 827 390 866; x_wconf 86' lang='grc' dir='ltr'>μαλιστα</span> <span class='ocrx_word' id='word_1_121' title='bbox 408 828 604 866; x_wconf 75' lang='grc' dir='ltr'>περιλαμβάνειν</span> <span class='ocrx_word' id='word_1_122' title='bbox 622 827 797 866; x_wconf 76' lang='grc' dir='ltr'>ὀνομάζοντας</span> <span class='ocrx_word' id='word_1_123' title='bbox 813 827 867 856; x_wconf 75' lang='grc' dir='ltr'>πᾶν</span> <span class='ocrx_word' id='word_1_124' title='bbox 884 828 915 865; x_wconf 80' lang='grc' dir='ltr'>τῇ</span> 
     </span>
     <span class='ocr_line' id='line_1_18' title="bbox 120 871 915 909; baseline -0.003 -9"><span class='ocrx_word' id='word_1_125' title='bbox 120 875 194 909; x_wconf 78' lang='grc' dir='ltr'>τέχνῃ</span> <span class='ocrx_word' id='word_1_126' title='bbox 220 871 250 908; x_wconf 83' lang='grc' dir='ltr'>τῇ</span> <span class='ocrx_word' id='word_1_127' title='bbox 277 871 437 908; x_wconf 72' lang='grc' dir='ltr'>κναφετπικῇ.</span> <span class='ocrx_word' id='word_1_128' title='bbox 486 877 536 899; x_wconf 85' lang='lat' dir='ltr'>NE.</span> <span class='ocrx_word' id='word_1_129' title='bbox 564 876 619 898; x_wconf 91' lang='grc' dir='ltr'>ΣΩ.</span> <span class='ocrx_word' id='word_1_130' title='bbox 641 871 741 902; x_wconf 77' lang='grc' dir='ltr'>Καλῶς.</span> <span class='ocrx_word' id='word_1_131' title='bbox 790 876 837 898; x_wconf 90' lang='grc' dir='ltr'>ΞΕ.</span> <span class='ocrx_word' id='word_1_132' title='bbox 860 871 915 898; x_wconf 81' lang='grc' dir='ltr'>Καὶ</span> 
     </span>
     <span class='ocr_line' id='line_1_19' title="bbox 119 909 916 954; baseline -0.003 -12"><span class='ocrx_word' id='word_1_133' title='bbox 119 914 168 952; x_wconf 84' lang='grc' dir='ltr'>μὴν</span> <span class='ocrx_word' id='word_1_134' title='bbox 185 912 287 949; x_wconf 81' lang='grc' dir='ltr'>ξαντική</span> <span class='ocrx_word' id='word_1_135' title='bbox 304 925 334 951; x_wconf 82' lang='grc' dir='ltr'>γε</span> <span class='ocrx_word' id='word_1_136' title='bbox 351 914 395 940; x_wconf 79' lang='grc' dir='ltr'>καὶ</span> <span class='ocrx_word' id='word_1_137' title='bbox 411 912 515 948; x_wconf 86' lang='grc' dir='ltr'>νηστικὴ</span> <span class='ocrx_word' id='word_1_138' title='bbox 533 914 577 954; x_wconf 69' lang='grc' dir='ltr'>καὶ</span> <span class='ocrx_word' id='word_1_139' title='bbox 593 912 680 941; x_wconf 73' lang='grc' dir='ltr'>πάντα</span> <span class='ocrx_word' id='word_1_140' title='bbox 699 909 732 941; x_wconf 69' lang='grc' dir='ltr'>αὖ</span> <span class='ocrx_word' id='word_1_141' title='bbox 749 912 781 940; x_wconf 83' lang='grc' dir='ltr'>τὰ</span> <span class='ocrx_word' id='word_1_142' title='bbox 797 913 856 950; x_wconf 81' lang='grc' dir='ltr'>περὶ</span> <span class='ocrx_word' id='word_1_143' title='bbox 870 912 916 947; x_wconf 83' lang='grc' dir='ltr'>τὴν</span> 
     </span>
     <span class='ocr_line' id='line_1_20' title="bbox 120 954 916 993; baseline -0.003 -9"><span class='ocrx_word' id='word_1_144' title='bbox 120 958 225 992; x_wconf 76' lang='grc' dir='ltr'>ποίησιν</span> <span class='ocrx_word' id='word_1_145' title='bbox 247 954 326 990; x_wconf 79' lang='grc' dir='ltr'>αὐτὴν</span> <span class='ocrx_word' id='word_1_146' title='bbox 347 955 391 990; x_wconf 82' lang='grc' dir='ltr'>τῆς</span> <span class='ocrx_word' id='word_1_147' title='bbox 413 956 529 990; x_wconf 78' lang='grc' dir='ltr'>ἐσθῆτος</span> <span class='ocrx_word' id='word_1_148' title='bbox 549 956 579 990; x_wconf 80' lang='grc' dir='ltr'>ἦς</span> <span class='ocrx_word' id='word_1_149' title='bbox 600 957 706 993; x_wconf 77' lang='grc' dir='ltr'>λέγομεν</span> <span class='ocrx_word' id='word_1_150' title='bbox 725 958 796 992; x_wconf 78' lang='grc' dir='ltr'>μέρη,</span> <span class='ocrx_word' id='word_1_151' title='bbox 814 956 860 991; x_wconf 84' lang='grc' dir='ltr'>μία</span> <span class='ocrx_word' id='word_1_152' title='bbox 878 956 916 985; x_wconf 86' lang='grc' dir='ltr'>τίς</span> 
     </span>
     <span class='ocr_line' id='line_1_21' title="bbox 120 996 913 1046; baseline -0.004 -19"><span class='ocrx_word' id='word_1_153' title='bbox 120 1001 175 1027; x_wconf 74' lang='grc' dir='ltr'>ἐστι</span> <span class='ocrx_word' id='word_1_154' title='bbox 191 1000 264 1034; x_wconf 80' lang='grc' dir='ltr'><em>τέχνη</em></span> <span class='ocrx_word' id='word_1_155' title='bbox 281 997 332 1025; x_wconf 86' lang='grc' dir='ltr'>τῶν</span> <span class='ocrx_word' id='word_1_156' title='bbox 348 996 401 1025; x_wconf 73' lang='grc' dir='ltr'>ὑπὸ</span> <span class='ocrx_word' id='word_1_157' title='bbox 422 996 526 1025; x_wconf 73' lang='grc' dir='ltr'>πάντων</span> <span class='ocrx_word' id='word_1_158' title='bbox 548 999 700 1046; x_wconf 78' lang='grc' dir='ltr'>λεγομένων,</span> <span class='ocrx_word' id='word_1_159' title='bbox 723 996 738 1032; x_wconf 79' lang='grc' dir='ltr'><em>ἦ</em></span> <span class='ocrx_word' id='word_1_160' title='bbox 756 1000 913 1034; x_wconf 85' lang='grc' dir='ltr'>ταλασιουρ-</span> 
     </span>
     <span class='ocr_line' id='line_1_22' title="bbox 119 1038 912 1080; baseline -0.005 -11"><span class='ocrx_word' id='word_1_161' title='bbox 119 1053 184 1080; x_wconf 83' lang='grc' dir='ltr'>γικη.</span> <span class='ocrx_word' id='word_1_162' title='bbox 227 1046 278 1068; x_wconf 89' lang='grc' dir='ltr'>ΝΕ</span> <span class='ocrx_word' id='word_1_163' title='bbox 297 1044 352 1067; x_wconf 90' lang='grc' dir='ltr'>ΣΩ.</span> <span class='ocrx_word' id='word_1_164' title='bbox 371 1038 434 1070; x_wconf 81' lang='grc' dir='ltr'>Πῶς</span> <span class='ocrx_word' id='word_1_165' title='bbox 454 1039 505 1077; x_wconf 77' lang='grc' dir='ltr'>γὰρ</span> <span class='ocrx_word' id='word_1_166' title='bbox 528 1038 572 1072; x_wconf 79' lang='grc' dir='ltr'>οὔ,·</span> <span class='ocrx_word' id='word_1_167' title='bbox 616 1044 664 1068; x_wconf 86' lang='grc' dir='ltr'>ΞΕ.</span> <span class='ocrx_word' id='word_1_168' title='bbox 684 1039 734 1075; x_wconf 83' lang='grc' dir='ltr'>Τῆς</span> <span class='ocrx_word' id='word_1_169' title='bbox 756 1039 786 1074; x_wconf 83' lang='grc' dir='ltr'>δὴ</span> <span class='ocrx_word' id='word_1_170' title='bbox 809 1045 813 1059; x_wconf 82' lang='grc'>·</span> <span class='ocrx_word' id='word_1_171' title='bbox 833 1041 912 1066; x_wconf 85' lang='grc' dir='ltr'>ταλα-</span> 
     </span>
     <span class='ocr_line' id='line_1_23' title="bbox 121 1080 916 1120; baseline -0.004 -9"><span class='ocrx_word' id='word_1_172' title='bbox 121 1082 267 1120; x_wconf 76' lang='grc' dir='ltr'>σιουργικῆς</span> <span class='ocrx_word' id='word_1_173' title='bbox 288 1080 333 1110; x_wconf 77' lang='grc' dir='ltr'>δύο</span> <span class='ocrx_word' id='word_1_174' title='bbox 356 1080 475 1118; x_wconf 81' lang='grc' dir='ltr'><em>τμήματα</em></span> <span class='ocrx_word' id='word_1_175' title='bbox 498 1085 586 1114; x_wconf 82' lang='grc' dir='ltr'>ἐστον,</span> <span class='ocrx_word' id='word_1_176' title='bbox 609 1082 652 1109; x_wconf 80' lang='grc' dir='ltr'>καὶ</span> <span class='ocrx_word' id='word_1_177' title='bbox 673 1080 777 1109; x_wconf 77' lang='grc' dir='ltr'>τούτοιν</span> <span class='ocrx_word' id='word_1_178' title='bbox 794 1080 916 1117; x_wconf 77' lang='grc' dir='ltr'>ἑκάτερον</span> 
     </span>
     <span class='ocr_line' id='line_1_24' title="bbox 122 1122 914 1163; baseline -0.004 -10"><span class='ocrx_word' id='word_1_179' title='bbox 122 1137 175 1163; x_wconf 86' lang='grc' dir='ltr'>αμα</span> <span class='ocrx_word' id='word_1_180' title='bbox 197 1125 269 1152; x_wconf 76' lang='grc' dir='ltr'>δυοῖν</span> <span class='ocrx_word' id='word_1_181' title='bbox 289 1123 440 1159; x_wconf 73' lang='grc' dir='ltr'>πεφύκατον</span> <span class='ocrx_word' id='word_1_182' title='bbox 461 1125 561 1158; x_wconf 77' lang='grc' dir='ltr'>τέχναιν</span> <span class='ocrx_word' id='word_1_183' title='bbox 580 1126 651 1161; x_wconf 76' lang='grc' dir='ltr'>μέρη.</span> <span class='ocrx_word' id='word_1_184' title='bbox 695 1129 745 1151; x_wconf 88' lang='lat' dir='ltr'>NE.</span> <span class='ocrx_word' id='word_1_185' title='bbox 764 1129 819 1150; x_wconf 88' lang='grc' dir='ltr'>ΣΩ.</span> <span class='ocrx_word' id='word_1_186' title='bbox 838 1122 914 1155; x_wconf 82' lang='grc' dir='ltr'>Πῶς,-</span> 
     </span>
     <span class='ocr_line' id='line_1_25' title="bbox 121 1164 915 1203; baseline -0.003 -8"><span class='ocrx_word' id='word_1_187' title='bbox 121 1172 168 1196; x_wconf 88' lang='grc' dir='ltr'>ΞΕ.</span> <span class='ocrx_word' id='word_1_188' title='bbox 188 1166 224 1195; x_wconf 85' lang='grc' dir='ltr'>Τὸ</span> <span class='ocrx_word' id='word_1_189' title='bbox 245 1168 293 1203; x_wconf 83' lang='grc' dir='ltr'>μὲν</span> <span class='ocrx_word' id='word_1_190' title='bbox 319 1165 437 1197; x_wconf 81' lang='grc' dir='ltr'>ξαντικὸν</span> <span class='ocrx_word' id='word_1_191' title='bbox 459 1167 503 1193; x_wconf 80' lang='grc' dir='ltr'>καὶ</span> <span class='ocrx_word' id='word_1_192' title='bbox 529 1164 559 1194; x_wconf 86' lang='grc' dir='ltr'>τὸ</span> <span class='ocrx_word' id='word_1_193' title='bbox 587 1166 630 1201; x_wconf 83' lang='grc' dir='ltr'>τῆς</span> <span class='ocrx_word' id='word_1_194' title='bbox 656 1165 812 1203; x_wconf 77' lang='grc' dir='ltr'>κερκισ-τικῆς</span> <span class='ocrx_word' id='word_1_195' title='bbox 837 1164 915 1202; x_wconf 69' lang='grc' dir='ltr'>ἥμισυ</span> 
     </span>
     <span class='ocr_line' id='line_1_26' title="bbox 120 1206 915 1246; baseline -0.005 -8"><span class='ocrx_word' id='word_1_196' title='bbox 120 1210 163 1238; x_wconf 78' lang='grc' dir='ltr'>καὶ</span> <span class='ocrx_word' id='word_1_197' title='bbox 188 1208 241 1237; x_wconf 79' lang='grc' dir='ltr'>ὅσα</span> <span class='ocrx_word' id='word_1_198' title='bbox 266 1207 298 1236; x_wconf 76' lang='grc' dir='ltr'>τὰ</span> <span class='ocrx_word' id='word_1_199' title='bbox 325 1209 473 1246; x_wconf 68' lang='grc' dir='ltr'>ξυγκείμενα</span> <span class='ocrx_word' id='word_1_200' title='bbox 497 1206 540 1235; x_wconf 74' lang='grc' dir='ltr'>ἀπ’</span> <span class='ocrx_word' id='word_1_201' title='bbox 561 1206 673 1243; x_wconf 71' lang='grc' dir='ltr'>ἀλλήλων</span> <span class='ocrx_word' id='word_1_202' title='bbox 699 1206 835 1244; x_wconf 67' lang='grc' dir='ltr'>ἀφίστησι,</span> <span class='ocrx_word' id='word_1_203' title='bbox 862 1207 915 1234; x_wconf 71' lang='grc' dir='ltr'>πᾶν</span> 
     </span>
     <span class='ocr_line' id='line_1_27' title="bbox 120 1248 914 1288; baseline -0.003 -9"><span class='ocrx_word' id='word_1_204' title='bbox 120 1251 198 1280; x_wconf 73' lang='grc' dir='ltr'>τοῦτο</span> <span class='ocrx_word' id='word_1_205' title='bbox 216 1249 251 1282; x_wconf 83' lang='grc' dir='ltr'>ὦς</span> <span class='ocrx_word' id='word_1_206' title='bbox 268 1250 293 1278; x_wconf 80' lang='grc' dir='ltr'>ἓν</span> <span class='ocrx_word' id='word_1_207' title='bbox 309 1249 414 1287; x_wconf 73' lang='grc' dir='ltr'>φράζειν</span> <span class='ocrx_word' id='word_1_208' title='bbox 431 1250 475 1285; x_wconf 81' lang='grc' dir='ltr'>τῆς</span> <span class='ocrx_word' id='word_1_209' title='bbox 492 1262 519 1278; x_wconf 84' lang='grc' dir='ltr'>τε</span> <span class='ocrx_word' id='word_1_210' title='bbox 540 1252 742 1288; x_wconf 74' lang='grc' dir='ltr'>ταλασιουργίας</span> <span class='ocrx_word' id='word_1_211' title='bbox 764 1248 842 1284; x_wconf 77' lang='grc' dir='ltr'>αὐτῆς</span> <span class='ocrx_word' id='word_1_212' title='bbox 860 1250 914 1277; x_wconf 82' lang='grc' dir='ltr'>ἔστι</span> 
     </span>
     <span class='ocr_line' id='line_1_28' title="bbox 120 1291 913 1331; baseline -0.004 -9"><span class='ocrx_word' id='word_1_213' title='bbox 120 1305 183 1326; x_wconf 76' lang='grc' dir='ltr'>που,</span> <span class='ocrx_word' id='word_1_214' title='bbox 205 1293 250 1321; x_wconf 79' lang='grc' dir='ltr'>καὶ</span> <span class='ocrx_word' id='word_1_215' title='bbox 266 1291 369 1331; x_wconf 54' lang='grc' dir='ltr'>μῃναλα</span> <span class='ocrx_word' id='word_1_216' title='bbox 391 1295 442 1320; x_wconf 87' lang='grc' dir='ltr'>τινὲ</span> <span class='ocrx_word' id='word_1_217' title='bbox 464 1292 530 1320; x_wconf 78' lang='grc' dir='ltr'>κατὰ</span> <span class='ocrx_word' id='word_1_218' title='bbox 552 1291 638 1320; x_wconf 76' lang='grc' dir='ltr'>πάντα</span> <span class='ocrx_word' id='word_1_219' title='bbox 656 1291 715 1329; x_wconf 75' lang='grc' dir='ltr'>ἡμῖν</span> <span class='ocrx_word' id='word_1_220' title='bbox 732 1291 812 1327; x_wconf 79' lang='grc' dir='ltr'>ἤστην</span> <span class='ocrx_word' id='word_1_221' title='bbox 830 1294 913 1327; x_wconf 81' lang='grc' dir='ltr'>τέχνα,</span> 
     </span>
     <span class='ocr_line' id='line_1_29' title="bbox 119 1333 914 1388; baseline -0.003 -25"><span class='ocrx_word' id='word_1_222' title='bbox 119 1335 134 1371; x_wconf 83' lang='grc' dir='ltr'><strong><em>ἦ</em></strong></span> <span class='ocrx_word' id='word_1_223' title='bbox 151 1334 296 1388; x_wconf 58' lang='grc' dir='ltr'>συγκριτική</span> <span class='ocrx_word' id='word_1_224' title='bbox 317 1346 345 1363; x_wconf 81' lang='grc' dir='ltr'>τε</span> <span class='ocrx_word' id='word_1_225' title='bbox 366 1347 409 1362; x_wconf 85' lang='grc' dir='ltr'>και</span> <span class='ocrx_word' id='word_1_226' title='bbox 426 1333 571 1384; x_wconf 66' lang='grc' dir='ltr'>διακριτική.</span> <span class='ocrx_word' id='word_1_227' title='bbox 614 1341 664 1362; x_wconf 90' lang='lat' dir='ltr'>NE.</span> <span class='ocrx_word' id='word_1_228' title='bbox 683 1340 738 1362; x_wconf 92' lang='grc' dir='ltr'>ΣΩ.</span> <span class='ocrx_word' id='word_1_229' title='bbox 760 1336 821 1362; x_wconf 84' lang='grc' dir='ltr'>Ναί.</span> <span class='ocrx_word' id='word_1_230' title='bbox 866 1339 914 1361; x_wconf 88' lang='grc' dir='ltr'>ΞΕ.</span> 
     </span>
     <span class='ocr_line' id='line_1_30' title="bbox 122 1373 912 1414; baseline -0.003 -8"><span class='ocrx_word' id='word_1_231' title='bbox 122 1384 171 1414; x_wconf 77' lang='grc' dir='ltr'>Της</span> <span class='ocrx_word' id='word_1_232' title='bbox 187 1379 272 1406; x_wconf 77' lang='grc' dir='ltr'>τοῖνυν</span> <span class='ocrx_word' id='word_1_233' title='bbox 272 1373 466 1414; x_wconf 76' lang='grc' dir='ltr'>διακριτικῆς</span> <span class='ocrx_word' id='word_1_234' title='bbox 457 1376 472 1412; x_wconf 86' lang='grc' dir='ltr'>η’</span> <span class='ocrx_word' id='word_1_235' title='bbox 489 1389 517 1405; x_wconf 81' lang='grc' dir='ltr'>τε</span> <span class='ocrx_word' id='word_1_236' title='bbox 535 1376 637 1412; x_wconf 79' lang='grc' dir='ltr'>ξαντικὴ</span> <span class='ocrx_word' id='word_1_237' title='bbox 655 1378 699 1404; x_wconf 79' lang='grc' dir='ltr'>καὶ</span> <span class='ocrx_word' id='word_1_238' title='bbox 716 1376 748 1405; x_wconf 77' lang='grc' dir='ltr'>τὰ</span> <span class='ocrx_word' id='word_1_239' title='bbox 763 1377 807 1405; x_wconf 77' lang='grc' dir='ltr'>νῦν</span> <span class='ocrx_word' id='word_1_240' title='bbox 822 1375 852 1411; x_wconf 82' lang='grc' dir='ltr'>δὴ</span> <span class='ocrx_word' id='word_1_241' title='bbox 868 1380 912 1414; x_wconf 82' lang='grc' dir='ltr'>ῥη-</span> 
     </span>
     <span class='ocr_line' id='line_1_31' title="bbox 120 1418 913 1457; baseline -0.004 -8"><span class='ocrx_word' id='word_1_242' title='bbox 120 1423 203 1449; x_wconf 80' lang='grc' dir='ltr'>θέντα</span> <span class='ocrx_word' id='word_1_243' title='bbox 222 1418 326 1448; x_wconf 70' lang='grc' dir='ltr'>ἅπαντα</span> <span class='ocrx_word' id='word_1_244' title='bbox 344 1423 422 1448; x_wconf 78' lang='grc' dir='ltr'>ἐστιν·</span> <span class='ocrx_word' id='word_1_245' title='bbox 440 1418 456 1454; x_wconf 79' lang='grc' dir='ltr'><em>ἡ</em></span> <span class='ocrx_word' id='word_1_246' title='bbox 473 1419 525 1457; x_wconf 82' lang='grc' dir='ltr'>γὰρ</span> <span class='ocrx_word' id='word_1_247' title='bbox 544 1425 548 1440; x_wconf 90' lang='lat'><strong>¹</strong></span> <span class='ocrx_word' id='word_1_248' title='bbox 568 1422 594 1447; x_wconf 81' lang='grc' dir='ltr'>ἐν</span> <span class='ocrx_word' id='word_1_249' title='bbox 612 1421 688 1457; x_wconf 75' lang='grc' dir='ltr'>ἐρίοις</span> <span class='ocrx_word' id='word_1_250' title='bbox 708 1431 736 1447; x_wconf 90' lang='grc' dir='ltr'>τε</span> <span class='ocrx_word' id='word_1_251' title='bbox 754 1420 797 1447; x_wconf 75' lang='grc' dir='ltr'>καὶ</span> <span class='ocrx_word' id='word_1_252' title='bbox 815 1418 913 1455; x_wconf 76' lang='grc' dir='ltr'>στήμο-</span> 
     </span>
     <span class='ocr_line' id='line_1_32' title="bbox 122 1460 913 1515; baseline -0.003 -24"><span class='ocrx_word' id='word_1_253' title='bbox 122 1474 148 1491; x_wconf 89' lang='grc' dir='ltr'>σι</span> <span class='ocrx_word' id='word_1_254' title='bbox 173 1461 323 1515; x_wconf 78' lang='grc' dir='ltr'>διακριτική,</span> <span class='ocrx_word' id='word_1_255' title='bbox 351 1463 444 1513; x_wconf 86' lang='grc' dir='ltr'>κερκίδι</span> <span class='ocrx_word' id='word_1_256' title='bbox 467 1464 515 1498; x_wconf 85' lang='grc' dir='ltr'>μὲν</span> <span class='ocrx_word' id='word_1_257' title='bbox 541 1460 620 1490; x_wconf 65' lang='grc' dir='ltr'>ἄλλον</span> <span class='ocrx_word' id='word_1_258' title='bbox 645 1460 745 1499; x_wconf 85' lang='grc' dir='ltr'>τρόπον</span> <span class='ocrx_word' id='word_1_259' title='bbox 769 1464 913 1500; x_wconf 76' lang='grc' dir='ltr'>γιγ-ιομένη,</span> 
     </span>
     <span class='ocr_line' id='line_1_33' title="bbox 118 1502 913 1553; baseline -0.004 -20"><span class='ocrx_word' id='word_1_260' title='bbox 118 1505 193 1543; x_wconf 80' lang='grc' dir='ltr'>χερσὶ</span> <span class='ocrx_word' id='word_1_261' title='bbox 214 1505 240 1532; x_wconf 87' lang='grc' dir='ltr'>δὲ</span> <span class='ocrx_word' id='word_1_262' title='bbox 263 1505 361 1553; x_wconf 77' lang='grc' dir='ltr'>ἕτερον,</span> <span class='ocrx_word' id='word_1_263' title='bbox 385 1505 458 1539; x_wconf 74' lang='grc' dir='ltr'>ἔσχεν</span> <span class='ocrx_word' id='word_1_264' title='bbox 480 1503 531 1532; x_wconf 78' lang='grc' dir='ltr'>ὅσα</span> <span class='ocrx_word' id='word_1_265' title='bbox 555 1502 647 1545; x_wconf 80' lang='grc' dir='ltr'>αρτίως</span> <span class='ocrx_word' id='word_1_266' title='bbox 669 1502 786 1541; x_wconf 81' lang='grc' dir='ltr'>ὀνόματα</span> <span class='ocrx_word' id='word_1_267' title='bbox 806 1502 913 1541; x_wconf 78' lang='grc' dir='ltr'>ἐρ’ῥηθη.</span> 
     </span>
     <span class='ocr_line' id='line_1_34' title="bbox 120 1545 913 1583; baseline -0.003 -8"><span class='ocrx_word' id='word_1_268' title='bbox 120 1553 170 1575; x_wconf 98' lang='grc' dir='ltr'>ΝΕ.</span> <span class='ocrx_word' id='word_1_269' title='bbox 188 1552 244 1575; x_wconf 92' lang='grc' dir='ltr'>ΣΩ.</span> <span class='ocrx_word' id='word_1_270' title='bbox 261 1546 340 1574; x_wconf 77' lang='grc' dir='ltr'>Πάνυ</span> <span class='ocrx_word' id='word_1_271' title='bbox 360 1549 407 1583; x_wconf 83' lang='grc' dir='ltr'>μὲν</span> <span class='ocrx_word' id='word_1_272' title='bbox 429 1547 481 1574; x_wconf 68' lang='grc' dir='ltr'>ουν.</span> <span class='ocrx_word' id='word_1_273' title='bbox 526 1552 573 1574; x_wconf 90' lang='grc' dir='ltr'>ΞΕ.</span> <span class='ocrx_word' id='word_1_274' title='bbox 591 1547 681 1577; x_wconf 77' lang='grc' dir='ltr'>Αυθις</span> <span class='ocrx_word' id='word_1_275' title='bbox 702 1546 731 1581; x_wconf 82' lang='grc' dir='ltr'>δὴ</span> <span class='ocrx_word' id='word_1_276' title='bbox 754 1545 832 1573; x_wconf 88' lang='grc' dir='ltr'>παλιν</span> <span class='ocrx_word' id='word_1_277' title='bbox 849 1558 913 1583; x_wconf 74' lang='lat' dir='ltr'>(ny</span> 
     </span>
     <span class='ocr_line' id='line_1_35' title="bbox 120 1587 913 1627; baseline -0.003 -10"><span class='ocrx_word' id='word_1_278' title='bbox 120 1589 227 1627; x_wconf 82' lang='grc' dir='ltr'>κριτικῆς</span> <span class='ocrx_word' id='word_1_279' title='bbox 242 1588 336 1626; x_wconf 86' lang='grc' dir='ltr'>μόριον</span> <span class='ocrx_word' id='word_1_280' title='bbox 353 1587 407 1626; x_wconf 76' lang='grc' dir='ltr'>ἅμα</span> <span class='ocrx_word' id='word_1_281' title='bbox 424 1600 468 1616; x_wconf 87' lang='grc' dir='ltr'>και</span> <span class='ocrx_word' id='word_1_282' title='bbox 485 1590 686 1626; x_wconf 73' lang='grc' dir='ltr'>ταλασιουργίας</span> <span class='ocrx_word' id='word_1_283' title='bbox 702 1592 727 1615; x_wconf 77' lang='grc' dir='ltr'>ἐν</span> <span class='ocrx_word' id='word_1_284' title='bbox 743 1587 807 1625; x_wconf 76' lang='grc' dir='ltr'>αὐτῇ</span> <span class='ocrx_word' id='word_1_285' title='bbox 824 1587 913 1626; x_wconf 86' lang='grc' dir='ltr'>γιγνό-</span> 
     </span>
     <span class='ocr_line' id='line_1_36' title="bbox 119 1626 913 1670; baseline -0.003 -10"><span class='ocrx_word' id='word_1_286' title='bbox 119 1643 196 1670; x_wconf 78' lang='grc' dir='ltr'>μενον</span> <span class='ocrx_word' id='word_1_287' title='bbox 212 1630 339 1668; x_wconf 62' lang='grc' dir='ltr'>λάβωμεν</span> <span class='ocrx_word' id='word_1_288' title='bbox 359 1630 411 1659; x_wconf 76' lang='grc' dir='ltr'>ὅσα</span> <span class='ocrx_word' id='word_1_289' title='bbox 430 1629 456 1658; x_wconf 75' lang='grc' dir='ltr'>δὲ</span> <span class='ocrx_word' id='word_1_290' title='bbox 474 1631 518 1666; x_wconf 81' lang='grc' dir='ltr'>τῆς</span> <span class='ocrx_word' id='word_1_291' title='bbox 532 1631 684 1668; x_wconf 83' lang='grc' dir='ltr'>διακριτικῆς</span> <span class='ocrx_word' id='word_1_292' title='bbox 697 1626 735 1666; x_wconf 78' lang='grc' dir='ltr'>ἦν,</span> <span class='ocrx_word' id='word_1_293' title='bbox 751 1629 851 1658; x_wconf 79' lang='grc' dir='ltr'>αὐτόθι</span> <span class='ocrx_word' id='word_1_294' title='bbox 867 1641 913 1667; x_wconf 83' lang='grc' dir='ltr'>με·</span> 
     </span>
     <span class='ocr_line' id='line_1_37' title="bbox 121 1673 915 1711; baseline -0.003 -9"><span class='ocrx_word' id='word_1_295' title='bbox 121 1675 210 1711; x_wconf 73' lang='grc' dir='ltr'>πίωμεν</span> <span class='ocrx_word' id='word_1_296' title='bbox 231 1673 379 1710; x_wconf 75' lang='grc' dir='ltr'>ξύμπαντα,</span> <span class='ocrx_word' id='word_1_297' title='bbox 408 1674 464 1709; x_wconf 83' lang='grc' dir='ltr'>δίχα</span> <span class='ocrx_word' id='word_1_298' title='bbox 487 1675 620 1710; x_wconf 81' lang='grc' dir='ltr'>τέμνοντες</span> <span class='ocrx_word' id='word_1_299' title='bbox 641 1673 686 1708; x_wconf 64' lang='grc' dir='ltr'>τὴν</span> <span class='ocrx_word' id='word_1_300' title='bbox 711 1674 915 1710; x_wconf 84' lang='grc' dir='ltr'>ταλασιουργίαν</span> 
     </span>
     <span class='ocr_line' id='line_1_38' title="bbox 121 1714 913 1754; baseline -0.003 -10"><span class='ocrx_word' id='word_1_301' title='bbox 121 1716 262 1754; x_wconf 78' lang='grc' dir='ltr'>διακριτικῷ</span> <span class='ocrx_word' id='word_1_302' title='bbox 279 1727 305 1744; x_wconf 82' lang='grc' dir='ltr'>τε</span> <span class='ocrx_word' id='word_1_303' title='bbox 323 1716 366 1743; x_wconf 79' lang='grc' dir='ltr'>καὶ</span> <span class='ocrx_word' id='word_1_304' title='bbox 381 1716 531 1753; x_wconf 78' lang='grc' dir='ltr'>συγκριτικῷ</span> <span class='ocrx_word' id='word_1_305' title='bbox 546 1714 662 1753; x_wconf 78' lang='grc' dir='ltr'>τμήματι.</span> <span class='ocrx_word' id='word_1_306' title='bbox 706 1721 757 1743; x_wconf 88' lang='lat' dir='ltr'>NE.</span> <span class='ocrx_word' id='word_1_307' title='bbox 776 1721 832 1743; x_wconf 84' lang='grc' dir='ltr'>ΣΩ.</span> <span class='ocrx_word' id='word_1_308' title='bbox 849 1719 913 1751; x_wconf 79' lang='grc' dir='ltr'>Διῃ-</span> 
     </span>
     <span class='ocr_line' id='line_1_39' title="bbox 120 1753 912 1799; baseline -0.004 -12"><span class='ocrx_word' id='word_1_309' title='bbox 120 1757 223 1797; x_wconf 54' lang='grc' dir='ltr'>ρήςιιῂ).</span> <span class='ocrx_word' id='word_1_310' title='bbox 265 1762 313 1787; x_wconf 91' lang='grc' dir='ltr'>ΞΕ.</span> <span class='ocrx_word' id='word_1_311' title='bbox 334 1757 370 1786; x_wconf 88' lang='grc' dir='ltr'>Τὸ</span> <span class='ocrx_word' id='word_1_312' title='bbox 389 1757 551 1796; x_wconf 72' lang='grc' dir='ltr'>συγκριτικὸν</span> <span class='ocrx_word' id='word_1_313' title='bbox 564 1759 658 1799; x_wconf 32' lang='grc' dir='ltr'>’τοίνυν</span> <span class='ocrx_word' id='word_1_314' title='bbox 680 1753 712 1786; x_wconf 70' lang='grc' dir='ltr'>αὖ</span> <span class='ocrx_word' id='word_1_315' title='bbox 735 1770 779 1786; x_wconf 90' lang='grc' dir='ltr'>σοι</span> <span class='ocrx_word' id='word_1_316' title='bbox 800 1758 843 1785; x_wconf 78' lang='grc' dir='ltr'>καὶ</span> <span class='ocrx_word' id='word_1_317' title='bbox 865 1769 912 1784; x_wconf 81' lang='grc' dir='ltr'>τα-</span> 
     </span>
     <span class='ocr_line' id='line_1_40' title="bbox 120 1799 912 1839; baseline -0.003 -10"><span class='ocrx_word' id='word_1_318' title='bbox 120 1799 301 1839; x_wconf 79' lang='grc' dir='ltr'>λασιουργικὸν</span> <span class='ocrx_word' id='word_1_319' title='bbox 323 1806 327 1821; x_wconf 85' lang='lat'><strong>¹</strong></span> <span class='ocrx_word' id='word_1_320' title='bbox 351 1799 405 1837; x_wconf 75' lang='grc' dir='ltr'>ἅμα</span> <span class='ocrx_word' id='word_1_321' title='bbox 425 1800 530 1838; x_wconf 81' lang='grc' dir='ltr'>μόριον,</span> <span class='ocrx_word' id='word_1_322' title='bbox 553 1801 573 1828; x_wconf 87' lang='grc' dir='ltr'><em>ὠ</em></span> <span class='ocrx_word' id='word_1_323' title='bbox 594 1800 742 1838; x_wconf 75' lang='grc' dir='ltr'>Σώκρατες,</span> <span class='ocrx_word' id='word_1_324' title='bbox 766 1801 912 1837; x_wconf 76' lang='grc' dir='ltr'>διαιρετέον,</span> 
     </span>
     <span class='ocr_line' id='line_1_41' title="bbox 120 1841 914 1895; baseline -0.003 -24"><span class='ocrx_word' id='word_1_325' title='bbox 120 1845 189 1895; x_wconf 79' lang='grc' dir='ltr'>εἴπερ</span> <span class='ocrx_word' id='word_1_326' title='bbox 211 1843 304 1874; x_wconf 83' lang='grc' dir='ltr'>ἷκανῶς</span> <span class='ocrx_word' id='word_1_327' title='bbox 327 1845 451 1879; x_wconf 81' lang='grc' dir='ltr'>μέλλομεν</span> <span class='ocrx_word' id='word_1_328' title='bbox 477 1842 522 1878; x_wconf 80' lang='grc' dir='ltr'>τὴν</span> <span class='ocrx_word' id='word_1_329' title='bbox 547 1846 748 1881; x_wconf 71' lang='grc' dir='ltr'>προρρηθεῖσαν</span> <span class='ocrx_word' id='word_1_330' title='bbox 774 1841 914 1878; x_wconf 75' lang='grc' dir='ltr'>ὑφαντικὴν</span> 
     </span>
     <span class='ocr_line' id='line_1_42' title="bbox 121 1883 913 1938; baseline -0.003 -25"><span class='ocrx_word' id='word_1_331' title='bbox 121 1884 242 1938; x_wconf 73' lang='grc' dir='ltr'>αἱρήσειν.</span> <span class='ocrx_word' id='word_1_332' title='bbox 285 1890 336 1913; x_wconf 97' lang='grc' dir='ltr'>ΝΕ.</span> <span class='ocrx_word' id='word_1_333' title='bbox 355 1891 410 1913; x_wconf 90' lang='grc' dir='ltr'>ΣΩ.</span> <span class='ocrx_word' id='word_1_334' title='bbox 432 1883 531 1913; x_wconf 75' lang='grc' dir='ltr'>Οὐκοῦν</span> <span class='ocrx_word' id='word_1_335' title='bbox 545 1884 603 1922; x_wconf 80' lang='grc' dir='ltr'>χρή.</span> <span class='ocrx_word' id='word_1_336' title='bbox 647 1890 695 1913; x_wconf 93' lang='grc' dir='ltr'>ΞΕ</span> <span class='ocrx_word' id='word_1_337' title='bbox 713 1884 770 1922; x_wconf 75' lang='grc' dir='ltr'>Χρὴ</span> <span class='ocrx_word' id='word_1_338' title='bbox 790 1887 838 1933; x_wconf 81' lang='grc' dir='ltr'>μὲν</span> <span class='ocrx_word' id='word_1_339' title='bbox 856 1896 913 1912; x_wconf 88' lang='grc' dir='ltr'>ουν.</span> 
     </span>
     <span class='ocr_line' id='line_1_43' title="bbox 120 1925 914 1966; baseline -0.001 -11"><span class='ocrx_word' id='word_1_340' title='bbox 120 1928 164 1956; x_wconf 81' lang='grc' dir='ltr'>καὶ</span> <span class='ocrx_word' id='word_1_341' title='bbox 178 1929 288 1966; x_wconf 81' lang='grc' dir='ltr'>λέγωμέν</span> <span class='ocrx_word' id='word_1_342' title='bbox 307 1939 337 1965; x_wconf 81' lang='grc' dir='ltr'>γε</span> <span class='ocrx_word' id='word_1_343' title='bbox 359 1925 437 1963; x_wconf 76' lang='grc' dir='ltr'>αὐτῆς</span> <span class='ocrx_word' id='word_1_344' title='bbox 458 1927 487 1955; x_wconf 85' lang='grc' dir='ltr'>τὸ</span> <span class='ocrx_word' id='word_1_345' title='bbox 509 1930 556 1964; x_wconf 80' lang='grc' dir='ltr'>μὲν</span> <span class='ocrx_word' id='word_1_346' title='bbox 577 1931 641 1955; x_wconf 82' lang='grc' dir='ltr'>εἰναι</span> <span class='ocrx_word' id='word_1_347' title='bbox 659 1926 819 1965; x_wconf 83' lang='grc' dir='ltr'>στρεπτικόν,</span> <span class='ocrx_word' id='word_1_348' title='bbox 838 1926 868 1954; x_wconf 90' lang='grc' dir='ltr'>τὸ</span> <span class='ocrx_word' id='word_1_349' title='bbox 887 1926 914 1954; x_wconf 83' lang='grc' dir='ltr'>δὲ</span> 
     </span>
     <span class='ocr_line' id='line_1_44' title="bbox 121 1968 914 2007; baseline -0.004 -8"><span class='ocrx_word' id='word_1_350' title='bbox 121 1968 310 2007; x_wconf 80' lang='grc' dir='ltr'>σὐμπλεκτικόν.</span> <span class='ocrx_word' id='word_1_351' title='bbox 353 1975 404 1997; x_wconf 90' lang='grc' dir='ltr'>ΝΕ.</span> <span class='ocrx_word' id='word_1_352' title='bbox 433 1975 487 1997; x_wconf 92' lang='grc' dir='ltr'>ΣΩ.</span> <span class='ocrx_word' id='word_1_353' title='bbox 514 1968 562 2006; x_wconf 70' lang='grc' dir='ltr'>Ἆρ’</span> <span class='ocrx_word' id='word_1_354' title='bbox 587 1970 632 1998; x_wconf 74' lang='lat' dir='ltr'>oin</span> <span class='ocrx_word' id='word_1_355' title='bbox 656 1968 800 2007; x_wconf 84' lang='grc' dir='ltr'>μανθανω,-</span> <span class='ocrx_word' id='word_1_356' title='bbox 832 1969 914 1999; x_wconf 75' lang='grc' dir='ltr'>δοκεῖς</span> 
     </span>
     <span class='ocr_line' id='line_1_45' title="bbox 119 2011 914 2051; baseline -0.003 -11"><span class='ocrx_word' id='word_1_357' title='bbox 119 2024 170 2051; x_wconf 85' lang='grc' dir='ltr'>γαρ</span> <span class='ocrx_word' id='word_1_358' title='bbox 189 2023 236 2050; x_wconf 90' lang='grc' dir='ltr'>μοι</span> <span class='ocrx_word' id='word_1_359' title='bbox 255 2011 285 2040; x_wconf 87' lang='grc' dir='ltr'>τὸ</span> <span class='ocrx_word' id='word_1_360' title='bbox 307 2023 368 2049; x_wconf 84' lang='grc' dir='ltr'>περι</span> <span class='ocrx_word' id='word_1_361' title='bbox 388 2011 433 2047; x_wconf 82' lang='grc' dir='ltr'>τὴν</span> <span class='ocrx_word' id='word_1_362' title='bbox 454 2012 501 2040; x_wconf 78' lang='grc' dir='ltr'>τοῦ</span> <span class='ocrx_word' id='word_1_363' title='bbox 528 2011 658 2049; x_wconf 76' lang='grc' dir='ltr'>στήμονος</span> <span class='ocrx_word' id='word_1_364' title='bbox 684 2013 808 2050; x_wconf 80' lang='grc' dir='ltr'>ἐργασίαν</span> <span class='ocrx_word' id='word_1_365' title='bbox 833 2013 914 2049; x_wconf 85' lang='grc' dir='ltr'>λέγειν</span> 
     </span>
     <span class='ocr_line' id='line_1_46' title="bbox 121 2051 914 2092; baseline -0.003 -9"><span class='ocrx_word' id='word_1_366' title='bbox 121 2053 278 2092; x_wconf 81' lang='grc' dir='ltr'>στρεπτικόν,</span> <span class='ocrx_word' id='word_1_367' title='bbox 322 2059 370 2082; x_wconf 97' lang='grc' dir='ltr'>ΞΕ.</span> <span class='ocrx_word' id='word_1_368' title='bbox 392 2052 428 2083; x_wconf 93' lang='grc' dir='ltr'>Ου</span> <span class='ocrx_word' id='word_1_369' title='bbox 448 2053 531 2091; x_wconf 85' lang='grc' dir='ltr'>μόνον</span> <span class='ocrx_word' id='word_1_370' title='bbox 551 2066 593 2092; x_wconf 86' lang='grc' dir='ltr'>γε,</span> <span class='ocrx_word' id='word_1_371' title='bbox 622 2053 685 2081; x_wconf 82' lang='grc' dir='ltr'>αλλὰ</span> <span class='ocrx_word' id='word_1_372' title='bbox 707 2055 751 2082; x_wconf 80' lang='grc' dir='ltr'>καὶ</span> <span class='ocrx_word' id='word_1_373' title='bbox 772 2052 871 2091; x_wconf 81' lang='grc' dir='ltr'>κρόκης</span> <span class='ocrx_word' id='word_1_374' title='bbox 898 2051 914 2088; x_wconf 81' lang='grc' dir='ltr'>’ἢ</span> 
     </span>
     <span class='ocr_line' id='line_1_47' title="bbox 120 2094 912 2146; baseline -0.003 -22"><span class='ocrx_word' id='word_1_375' title='bbox 120 2099 217 2135; x_wconf 83' lang='grc' dir='ltr'>γένεσιν</span> <span class='ocrx_word' id='word_1_376' title='bbox 239 2094 375 2134; x_wconf 75' lang='grc' dir='ltr'>οἷο-τροφόν</span> <span class='ocrx_word' id='word_1_377' title='bbox 400 2109 456 2124; x_wconf 86' lang='grc' dir='ltr'>τινα</span> <span class='ocrx_word' id='word_1_378' title='bbox 485 2095 562 2132; x_wconf 76' lang='grc' dir='ltr'>αὐτῆς</span> <span class='ocrx_word' id='word_1_379' title='bbox 588 2095 743 2146; x_wconf 69' lang='grc' dir='ltr'>εὑρησομενς</span> <span class='ocrx_word' id='word_1_380' title='bbox 787 2102 838 2124; x_wconf 91' lang='grc' dir='ltr'>ΝΕ.</span> <span class='ocrx_word' id='word_1_381' title='bbox 857 2100 912 2123; x_wconf 83' lang='grc' dir='ltr'>ΣΩ.</span> 
     </span>
     <span class='ocr_line' id='line_1_48' title="bbox 124 2137 911 2176; baseline -0.001 -10"><span class='ocrx_word' id='word_1_382' title='bbox 124 2137 252 2176; x_wconf 83' lang='grc' dir='ltr'>Ουδαμῶς.</span> <span class='ocrx_word' id='word_1_383' title='bbox 304 2143 353 2167; x_wconf 88' lang='grc' dir='ltr'>ΞΕ.</span> <span class='ocrx_word' id='word_1_384' title='bbox 377 2137 498 2175; x_wconf 88' lang='grc' dir='ltr'>Διόρισαι</span> <span class='ocrx_word' id='word_1_385' title='bbox 525 2139 555 2173; x_wconf 88' lang='grc' dir='ltr'>δὴ</span> <span class='ocrx_word' id='word_1_386' title='bbox 581 2140 625 2166; x_wconf 83' lang='grc' dir='ltr'>καὶ</span> <span class='ocrx_word' id='word_1_387' title='bbox 650 2137 754 2167; x_wconf 77' lang='grc' dir='ltr'>τούτοιν</span> <span class='ocrx_word' id='word_1_388' title='bbox 780 2137 911 2175; x_wconf 85' lang='grc' dir='ltr'>ἑκατερον·</span> 
     </span>
     <span class='ocr_line' id='line_1_49' title="bbox 121 2180 913 2219; baseline -0.001 -10.999"><span class='ocrx_word' id='word_1_389' title='bbox 121 2183 183 2212; x_wconf 81' lang='grc' dir='ltr'>ἴσως</span> <span class='ocrx_word' id='word_1_390' title='bbox 197 2180 248 2219; x_wconf 83' lang='grc' dir='ltr'>γὰρ</span> <span class='ocrx_word' id='word_1_391' title='bbox 267 2186 272 2201; x_wconf 87' lang='lat'><strong>¹</strong></span> <span class='ocrx_word' id='word_1_392' title='bbox 291 2192 305 2209; x_wconf 93' lang='grc' dir='ltr'>ο</span> <span class='ocrx_word' id='word_1_393' title='bbox 325 2180 483 2218; x_wconf 84' lang='grc' dir='ltr'>διορισμὸς’</span> <span class='ocrx_word' id='word_1_394' title='bbox 475 2183 593 2219; x_wconf 81' lang='grc' dir='ltr'>έγκαιρος</span> <span class='ocrx_word' id='word_1_395' title='bbox 611 2180 642 2209; x_wconf 81' lang='grc' dir='ltr'>α’ν</span> <span class='ocrx_word' id='word_1_396' title='bbox 660 2193 704 2209; x_wconf 88' lang='grc' dir='ltr'>σοι</span> <span class='ocrx_word' id='word_1_397' title='bbox 720 2183 830 2219; x_wconf 84' lang='grc' dir='ltr'>γένοιτο</span> <span class='ocrx_word' id='word_1_398' title='bbox 862 2185 913 2207; x_wconf 89' lang='grc' dir='ltr'>ΝΕ.</span> 
     </span>
     <span class='ocr_line' id='line_1_50' title="bbox 121 2222 912 2261; baseline -0.001 -10"><span class='ocrx_word' id='word_1_399' title='bbox 121 2228 175 2251; x_wconf 90' lang='grc' dir='ltr'>ΣΩ.</span> <span class='ocrx_word' id='word_1_400' title='bbox 192 2222 252 2261; x_wconf 85' lang='grc' dir='ltr'>Πῇ,·</span> <span class='ocrx_word' id='word_1_401' title='bbox 294 2227 342 2252; x_wconf 91' lang='grc' dir='ltr'>ΞΕ.</span> <span class='ocrx_word' id='word_1_402' title='bbox 362 2223 436 2260; x_wconf 81' lang='grc' dir='ltr'>Τῇδε.</span> <span class='ocrx_word' id='word_1_403' title='bbox 463 2224 513 2251; x_wconf 77' lang='grc' dir='ltr'>τῶν</span> <span class='ocrx_word' id='word_1_404' title='bbox 534 2224 593 2260; x_wconf 81' lang='grc' dir='ltr'>περὶ</span> <span class='ocrx_word' id='word_1_405' title='bbox 615 2223 732 2259; x_wconf 81' lang='grc' dir='ltr'>ξαντικὴν</span> <span class='ocrx_word' id='word_1_406' title='bbox 759 2224 839 2261; x_wconf 72' lang='grc' dir='ltr'>ἔργων</span> <span class='ocrx_word' id='word_1_407' title='bbox 862 2234 912 2259; x_wconf 88' lang='grc' dir='ltr'>μη-</span> 
     </span>
     <span class='ocr_line' id='line_1_51' title="bbox 121 2263 913 2314; baseline -0.004 -20"><span class='ocrx_word' id='word_1_408' title='bbox 121 2267 216 2294; x_wconf 77' lang='grc' dir='ltr'>κυνθὲν</span> <span class='ocrx_word' id='word_1_409' title='bbox 231 2276 259 2293; x_wconf 80' lang='grc' dir='ltr'>τε</span> <span class='ocrx_word' id='word_1_410' title='bbox 276 2277 319 2292; x_wconf 83' lang='grc' dir='ltr'>και</span> <span class='ocrx_word' id='word_1_411' title='bbox 337 2265 404 2308; x_wconf 68' lang='grc' dir='ltr'>σχον</span> <span class='ocrx_word' id='word_1_412' title='bbox 418 2264 517 2296; x_wconf 85' lang='grc' dir='ltr'>πλατος</span> <span class='ocrx_word' id='word_1_413' title='bbox 533 2267 639 2304; x_wconf 79' lang='grc' dir='ltr'>λέγομεν</span> <span class='ocrx_word' id='word_1_414' title='bbox 657 2263 722 2294; x_wconf 85' lang='grc' dir='ltr'>ειναι</span> <span class='ocrx_word' id='word_1_415' title='bbox 739 2277 858 2314; x_wconf 75' lang='grc' dir='ltr'>κμταγμα</span> <span class='ocrx_word' id='word_1_416' title='bbox 878 2276 913 2296; x_wconf 83' lang='grc' dir='ltr'>τι,-</span> 
     </span>
     <span class='ocr_line' id='line_1_52' title="bbox 122 2306 913 2345; baseline -0.003 -10"><span class='ocrx_word' id='word_1_417' title='bbox 122 2313 171 2335; x_wconf 88' lang='lat' dir='ltr'>NE.</span> <span class='ocrx_word' id='word_1_418' title='bbox 193 2312 248 2335; x_wconf 90' lang='grc' dir='ltr'>ΣΩ.</span> <span class='ocrx_word' id='word_1_419' title='bbox 272 2309 334 2335; x_wconf 90' lang='grc' dir='ltr'>Ναί.</span> <span class='ocrx_word' id='word_1_420' title='bbox 378 2313 426 2336; x_wconf 88' lang='grc' dir='ltr'>ΞΕ.</span> <span class='ocrx_word' id='word_1_421' title='bbox 451 2306 553 2336; x_wconf 78' lang='grc' dir='ltr'>Τούτου</span> <span class='ocrx_word' id='word_1_422' title='bbox 571 2308 600 2342; x_wconf 86' lang='grc' dir='ltr'>δὴ</span> <span class='ocrx_word' id='word_1_423' title='bbox 623 2308 652 2336; x_wconf 85' lang='grc' dir='ltr'>τὸ</span> <span class='ocrx_word' id='word_1_424' title='bbox 674 2310 721 2345; x_wconf 83' lang='grc' dir='ltr'>μὲν</span> <span class='ocrx_word' id='word_1_425' title='bbox 743 2306 861 2345; x_wconf 73' lang='grc' dir='ltr'>ἀτράκτῳ</span> <span class='ocrx_word' id='word_1_426' title='bbox 888 2318 913 2333; x_wconf 88' lang='grc' dir='ltr'>τε</span> 
     </span>
    </p>
   </div>
   <div class='ocr_carea' id='block_1_4' title="bbox 128 1377 204 1384">
    <p class='ocr_par' dir='ltr' id='par_1_4' title="bbox 128 1377 204 1384">
     <span class='ocr_line' id='line_1_53' title="bbox 128 1377 204 1384; baseline 0 1700"><span class='ocrx_word' id='word_1_427' title='bbox 128 1377 204 1384; x_wconf 95' lang='lat' dir='ltr'> </span> 
     </span>
    </p>
   </div>
   <div class='ocr_carea' id='block_1_5' title="bbox 121 2349 916 2692">
    <p class='ocr_par' dir='ltr' id='par_1_5' title="bbox 121 2349 916 2682">
     <span class='ocr_line' id='line_1_54' title="bbox 122 2349 915 2399; baseline -0.001 -22"><span class='ocrx_word' id='word_1_428' title='bbox 122 2352 235 2399; x_wconf 81' lang='grc' dir='ltr'>στραφὲν</span> <span class='ocrx_word' id='word_1_429' title='bbox 259 2350 303 2377; x_wconf 85' lang='grc' dir='ltr'>καὶ</span> <span class='ocrx_word' id='word_1_430' title='bbox 328 2350 433 2399; x_wconf 78' lang='grc' dir='ltr'>στερεὸν</span> <span class='ocrx_word' id='word_1_431' title='bbox 460 2349 526 2386; x_wconf 82' lang='grc' dir='ltr'>νῆμα</span> <span class='ocrx_word' id='word_1_432' title='bbox 551 2349 690 2388; x_wconf 83' lang='grc' dir='ltr'>γενόμενον</span> <span class='ocrx_word' id='word_1_433' title='bbox 721 2361 837 2386; x_wconf 82' lang='grc' dir='ltr'>στημοια</span> <span class='ocrx_word' id='word_1_434' title='bbox 867 2350 915 2385; x_wconf 84' lang='grc' dir='ltr'>μὲν</span> 
     </span>
     <span class='ocr_line' id='line_1_55' title="bbox 121 2390 912 2428; baseline -0.001 -9"><span class='ocrx_word' id='word_1_435' title='bbox 121 2390 193 2428; x_wconf 79' lang='grc' dir='ltr'>φάθι</span> <span class='ocrx_word' id='word_1_436' title='bbox 209 2391 239 2420; x_wconf 89' lang='grc' dir='ltr'>τὸ</span> <span class='ocrx_word' id='word_1_437' title='bbox 257 2391 335 2428; x_wconf 80' lang='grc' dir='ltr'>νῆμα,</span> <span class='ocrx_word' id='word_1_438' title='bbox 358 2392 403 2427; x_wconf 82' lang='grc' dir='ltr'>τὴν</span> <span class='ocrx_word' id='word_1_439' title='bbox 420 2393 446 2420; x_wconf 86' lang='grc' dir='ltr'>δὲ</span> <span class='ocrx_word' id='word_1_440' title='bbox 466 2390 671 2420; x_wconf 73' lang='grc' dir='ltr'>ἆπευθυνουσαν</span> <span class='ocrx_word' id='word_1_441' title='bbox 688 2390 754 2420; x_wconf 80' lang='grc' dir='ltr'>αὐτὰ</span> <span class='ocrx_word' id='word_1_442' title='bbox 772 2395 860 2427; x_wconf 76' lang='grc' dir='ltr'>τέχνην</span> <span class='ocrx_word' id='word_1_443' title='bbox 877 2395 912 2418; x_wconf 80' lang='grc' dir='ltr'>εἱ-</span> 
     </span>
     <span class='ocr_line' id='line_1_56' title="bbox 121 2432 916 2484; baseline -0.001 -22"><span class='ocrx_word' id='word_1_444' title='bbox 121 2445 163 2462; x_wconf 85' lang='grc' dir='ltr'>ναι</span> <span class='ocrx_word' id='word_1_445' title='bbox 180 2433 401 2484; x_wconf 83' lang='grc' dir='ltr'>στημονονητικήν.</span> <span class='ocrx_word' id='word_1_446' title='bbox 446 2439 495 2461; x_wconf 89' lang='grc' dir='ltr'>ΝΕ</span> <span class='ocrx_word' id='word_1_447' title='bbox 515 2439 571 2461; x_wconf 90' lang='grc' dir='ltr'>ΣΩ.</span> <span class='ocrx_word' id='word_1_448' title='bbox 588 2432 697 2471; x_wconf 80' lang='grc' dir='ltr'>Ὀρθῶς.</span> <span class='ocrx_word' id='word_1_449' title='bbox 741 2440 789 2462; x_wconf 88' lang='grc' dir='ltr'>ΞΕ.</span> <span class='ocrx_word' id='word_1_450' title='bbox 804 2433 870 2462; x_wconf 87' lang='grc' dir='ltr'>Ὀσα</span> <span class='ocrx_word' id='word_1_451' title='bbox 889 2434 916 2460; x_wconf 84' lang='grc' dir='ltr'>δέ</span> 
     </span>
     <span class='ocr_line' id='line_1_57' title="bbox 121 2475 914 2514; baseline -0.001 -10"><span class='ocrx_word' id='word_1_452' title='bbox 121 2487 151 2514; x_wconf 78' lang='grc' dir='ltr'>γε</span> <span class='ocrx_word' id='word_1_453' title='bbox 168 2488 200 2504; x_wconf 75' lang='lat' dir='ltr'>av</span> <span class='ocrx_word' id='word_1_454' title='bbox 218 2477 262 2510; x_wconf 82' lang='grc' dir='ltr'>την</span> <span class='ocrx_word' id='word_1_455' title='bbox 278 2479 325 2512; x_wconf 85' lang='grc' dir='ltr'>μὲν</span> <span class='ocrx_word' id='word_1_456' title='bbox 343 2476 499 2513; x_wconf 79' lang='grc' dir='ltr'>συστροφὴν</span> <span class='ocrx_word' id='word_1_457' title='bbox 502 2475 610 2511; x_wconf 54' lang='grc' dir='ltr'>ᾈιύνην</span> <span class='ocrx_word' id='word_1_458' title='bbox 622 2475 753 2513; x_wconf 78' lang='grc' dir='ltr'>λαμβανει,</span> <span class='ocrx_word' id='word_1_459' title='bbox 773 2476 804 2513; x_wconf 88' lang='grc' dir='ltr'><strong><em>τῆ</em></strong></span> <span class='ocrx_word' id='word_1_460' title='bbox 823 2477 849 2504; x_wconf 88' lang='grc' dir='ltr'>δὲ</span> <span class='ocrx_word' id='word_1_461' title='bbox 868 2475 914 2503; x_wconf 81' lang='grc' dir='ltr'>τοῦ</span> 
     </span>
     <span class='ocr_line' id='line_1_58' title="bbox 123 2517 912 2556; baseline -0.001 -10"><span class='ocrx_word' id='word_1_462' title='bbox 123 2517 250 2555; x_wconf 83' lang='grc' dir='ltr'>στήμονος</span> <span class='ocrx_word' id='word_1_463' title='bbox 268 2521 381 2554; x_wconf 80' lang='grc' dir='ltr'>ἐμπλέξει</span> <span class='ocrx_word' id='word_1_464' title='bbox 398 2518 464 2555; x_wconf 87' lang='grc' dir='ltr'>πρὸς</span> <span class='ocrx_word' id='word_1_465' title='bbox 482 2518 526 2553; x_wconf 80' lang='grc' dir='ltr'>τὴν</span> <span class='ocrx_word' id='word_1_466' title='bbox 544 2518 587 2553; x_wconf 79' lang='grc' dir='ltr'>τῆς</span> <span class='ocrx_word' id='word_1_467' title='bbox 603 2518 724 2556; x_wconf 75' lang='grc' dir='ltr'>γνάψεως</span> <span class='ocrx_word' id='word_1_468' title='bbox 745 2517 820 2553; x_wconf 79' lang='grc' dir='ltr'>ὁλκὴν</span> <span class='ocrx_word' id='word_1_469' title='bbox 839 2520 912 2555; x_wconf 75' lang='grc' dir='ltr'>ἐμμέ-</span> 
     </span>
     <span class='ocr_line' id='line_1_59' title="bbox 122 2559 913 2598; baseline 0 -10"><span class='ocrx_word' id='word_1_470' title='bbox 122 2570 187 2597; x_wconf 85' lang='grc' dir='ltr'>τρως</span> <span class='ocrx_word' id='word_1_471' title='bbox 203 2560 248 2594; x_wconf 85' lang='grc' dir='ltr'>τὴν</span> <span class='ocrx_word' id='word_1_472' title='bbox 263 2559 430 2596; x_wconf 75' lang='grc' dir='ltr'>μαλακότητα</span> <span class='ocrx_word' id='word_1_473' title='bbox 453 2563 530 2595; x_wconf 77' lang='grc' dir='ltr'>ἲσχει,</span> <span class='ocrx_word' id='word_1_474' title='bbox 548 2560 618 2588; x_wconf 82' lang='grc' dir='ltr'>ταῦτ’</span> <span class='ocrx_word' id='word_1_475' title='bbox 639 2560 691 2598; x_wconf 85' lang='grc' dir='ltr'>α’ρα</span> <span class='ocrx_word' id='word_1_476' title='bbox 709 2559 802 2598; x_wconf 85' lang='grc' dir='ltr'>κρόκην</span> <span class='ocrx_word' id='word_1_477' title='bbox 818 2562 864 2596; x_wconf 89' lang='grc' dir='ltr'>μὲν</span> <span class='ocrx_word' id='word_1_478' title='bbox 882 2559 913 2588; x_wconf 86' lang='grc' dir='ltr'>τὰ</span> 
     </span>
     <span class='ocr_line' id='line_1_60' title="bbox 121 2601 916 2641; baseline 0 -12"><span class='ocrx_word' id='word_1_479' title='bbox 121 2604 243 2637; x_wconf 81' lang='grc' dir='ltr'>νηθέντα,</span> <span class='ocrx_word' id='word_1_480' title='bbox 260 2601 305 2636; x_wconf 83' lang='grc' dir='ltr'>τὴν</span> <span class='ocrx_word' id='word_1_481' title='bbox 322 2603 349 2630; x_wconf 82' lang='grc' dir='ltr'>δὲ</span> <span class='ocrx_word' id='word_1_482' title='bbox 367 2605 533 2641; x_wconf 73' lang='grc' dir='ltr'>ἐπιτεταγμέι</span> <span class='ocrx_word' id='word_1_483' title='bbox 534 2614 562 2637; x_wconf 88' lang='grc' dir='ltr'>ην</span> <span class='ocrx_word' id='word_1_484' title='bbox 580 2601 667 2634; x_wconf 82' lang='grc' dir='ltr'>αὐτοῖς</span> <span class='ocrx_word' id='word_1_485' title='bbox 684 2601 748 2631; x_wconf 78' lang='grc' dir='ltr'>εἶναι</span> <span class='ocrx_word' id='word_1_486' title='bbox 766 2605 853 2638; x_wconf 81' lang='grc' dir='ltr'>τέχνην</span> <span class='ocrx_word' id='word_1_487' title='bbox 870 2601 916 2636; x_wconf 85' lang='grc' dir='ltr'>τὴν</span> 
     </span>
     <span class='ocr_line' id='line_1_61' title="bbox 122 2643 914 2692; baseline 0 -21"><span class='ocrx_word' id='word_1_488' title='bbox 122 2644 300 2692; x_wconf 75' lang='grc' dir='ltr'>κροκονητικὴν</span> <span class='ocrx_word' id='word_1_489' title='bbox 325 2648 338 2661; x_wconf 74' lang='grc'>*</span> <span class='ocrx_word' id='word_1_490' title='bbox 363 2645 458 2682; x_wconf 72' lang='grc' dir='ltr'>φῶμεν.</span> <span class='ocrx_word' id='word_1_491' title='bbox 506 2650 556 2672; x_wconf 87' lang='grc' dir='ltr'>ΝΕ.</span> <span class='ocrx_word' id='word_1_492' title='bbox 584 2650 638 2672; x_wconf 91' lang='grc' dir='ltr'>ΣΩ.</span> <span class='ocrx_word' id='word_1_493' title='bbox 664 2643 822 2682; x_wconf 78' lang='grc' dir='ltr'>Ὀρθότατα.</span> <span class='ocrx_word' id='word_1_494' title='bbox 866 2649 914 2672; x_wconf 92' lang='grc' dir='ltr'>ΞΕ.</span> 
     </span>
    </p>
   </div>
   <div class='ocr_carea' id='block_1_6' title="bbox 122 2685 937 2726">
    <p class='ocr_par' dir='ltr' id='par_1_6' title="bbox 122 2685 937 2726">
     <span class='ocr_line' id='line_1_62' title="bbox 122 2685 937 2726; baseline 0.001 -13"><span class='ocrx_word' id='word_1_495' title='bbox 122 2686 178 2713; x_wconf 83' lang='grc' dir='ltr'>Και</span> <span class='ocrx_word' id='word_1_496' title='bbox 191 2686 242 2724; x_wconf 81' lang='grc' dir='ltr'>μὴν</span> <span class='ocrx_word' id='word_1_497' title='bbox 263 2685 294 2714; x_wconf 84' lang='grc' dir='ltr'>τό</span> <span class='ocrx_word' id='word_1_498' title='bbox 313 2698 344 2724; x_wconf 84' lang='grc' dir='ltr'>γε</span> <span class='ocrx_word' id='word_1_499' title='bbox 366 2687 409 2722; x_wconf 79' lang='grc' dir='ltr'>τῆς</span> <span class='ocrx_word' id='word_1_500' title='bbox 429 2685 569 2724; x_wconf 76' lang='grc' dir='ltr'>ὖφαντικῆς</span> <span class='ocrx_word' id='word_1_501' title='bbox 584 2690 673 2725; x_wconf 76' lang='grc' dir='ltr'>μέρος,</span> <span class='ocrx_word' id='word_1_502' title='bbox 693 2686 707 2715; x_wconf 77' lang='grc' dir='ltr'>ὅ</span> <span class='ocrx_word' id='word_1_503' title='bbox 725 2685 914 2724; x_wconf 76' lang='grc' dir='ltr'>προύθέμεθα,</span> <span class='ocrx_word' id='word_1_504' title='bbox 935 2703 937 2726; x_wconf 73' lang='lat'>3</span> 
     </span>
    </p>
   </div>
   <div class='ocr_carea' id='block_1_7' title="bbox 866 237 946 278">
    <p class='ocr_par' dir='ltr' id='par_1_7' title="bbox 866 237 946 278">
     <span class='ocr_line' id='line_1_63' title="bbox 866 237 946 278; baseline -0.013 -10"><span class='ocrx_word' id='word_1_505' title='bbox 866 245 916 268; x_wconf 79' lang='lat' dir='ltr'>NE.</span> <span class='ocrx_word' id='word_1_506' title='bbox 938 237 946 278; x_wconf 58' lang='lat' dir='ltr'><strong>J</strong></span> 
     </span>
    </p>
   </div>
   <div class='ocr_carea' id='block_1_8' title="bbox 943 246 947 781">
    <p class='ocr_par' dir='ltr' id='par_1_8' title="bbox 943 246 947 781">
     <span class='ocr_line' id='line_1_64' title="bbox 943 246 947 781; baseline 0 0"><span class='ocrx_word' id='word_1_507' title='bbox 943 246 947 781; x_wconf 95' lang='lat' dir='ltr'> </span> 
     </span>
    </p>
   </div>
   <div class='ocr_carea' id='block_1_9' title="bbox 936 237 940 802">
    <p class='ocr_par' dir='ltr' id='par_1_9' title="bbox 936 237 940 802">
     <span class='ocr_line' id='line_1_65' title="bbox 936 237 940 802; baseline 0 0"><span class='ocrx_word' id='word_1_508' title='bbox 936 237 940 802; x_wconf 95' lang='lat' dir='ltr'> </span> 
     </span>
    </p>
   </div>
   <div class='ocr_carea' id='block_1_10' title="bbox 934 2517 1257 2556">
    <p class='ocr_par' dir='ltr' id='par_1_10' title="bbox 934 2517 1257 2556">
     <span class='ocr_line' id='line_1_66' title="bbox 934 2517 1257 2556; baseline 0.003 -11"><span class='ocrx_word' id='word_1_509' title='bbox 934 2517 936 2527; x_wconf 66' lang='lat'><strong>¹</strong></span> <span class='ocrx_word' id='word_1_510' title='bbox 965 2524 1016 2546; x_wconf 89' lang='lat' dir='ltr'>NE.</span> <span class='ocrx_word' id='word_1_511' title='bbox 1035 2523 1089 2545; x_wconf 92' lang='grc' dir='ltr'>ΣΩ.</span> <span class='ocrx_word' id='word_1_512' title='bbox 1108 2519 1163 2546; x_wconf 80' lang='grc' dir='ltr'>Καὶ</span> <span class='ocrx_word' id='word_1_513' title='bbox 1179 2518 1257 2556; x_wconf 76' lang='grc' dir='ltr'>μάλα.</span> 
     </span>
    </p>
   </div>
   <div class='ocr_carea' id='block_1_11' title="bbox 932 2096 938 2689">
    <p class='ocr_par' dir='ltr' id='par_1_11' title="bbox 932 2096 938 2689">
     <span class='ocr_line' id='line_1_67' title="bbox 932 2096 938 2689; baseline 0 0"><span class='ocrx_word' id='word_1_514' title='bbox 932 2096 938 2689; x_wconf 95' lang='lat' dir='ltr'> </span> 
     </span>
    </p>
   </div>
   <div class='ocr_carea' id='block_1_12' title="bbox 939 1809 946 2726">
    <p class='ocr_par' dir='ltr' id='par_1_12' title="bbox 939 1809 946 2726">
     <span class='ocr_line' id='line_1_68' title="bbox 939 1809 946 2726; baseline 0 0"><span class='ocrx_word' id='word_1_515' title='bbox 939 1809 946 2726; x_wconf 95' lang='lat' dir='ltr'> </span> 
     </span>
    </p>
   </div>
   <div class='ocr_carea' id='block_1_13' title="bbox 1715 163 1764 189">
    <p class='ocr_par' dir='ltr' id='par_1_13' title="bbox 1715 163 1764 189">
     <span class='ocr_line' id='line_1_69' title="bbox 1715 163 1764 189; baseline 0 0"><span class='ocrx_word' id='word_1_516' title='bbox 1715 163 1764 189; x_wconf 71' lang='lat'>275</span> 
     </span>
    </p>
   </div>
   <div class='ocr_carea' id='block_1_14' title="bbox 962 241 1764 2759">
    <p class='ocr_par' dir='ltr' id='par_1_14' title="bbox 962 241 1764 2007">
     <span class='ocr_line' id='line_1_70' title="bbox 968 241 1762 280; baseline 0.003 -12"><span class='ocrx_word' id='word_1_517' title='bbox 968 243 1048 269; x_wconf 81' lang='grc' dir='ltr'>παντί</span> <span class='ocrx_word' id='word_1_518' title='bbox 1063 253 1115 269; x_wconf 90' lang='grc' dir='ltr'>που</span> <span class='ocrx_word' id='word_1_519' title='bbox 1133 242 1209 276; x_wconf 77' lang='grc' dir='ltr'>δῆλον</span> <span class='ocrx_word' id='word_1_520' title='bbox 1226 241 1280 277; x_wconf 81' lang='grc' dir='ltr'>ἤδη.</span> <span class='ocrx_word' id='word_1_521' title='bbox 1308 241 1337 270; x_wconf 84' lang='grc' dir='ltr'>τὸ</span> <span class='ocrx_word' id='word_1_522' title='bbox 1356 242 1408 280; x_wconf 69' lang='grc' dir='ltr'>γὰρ</span> <span class='ocrx_word' id='word_1_523' title='bbox 1427 242 1586 279; x_wconf 75' lang='grc' dir='ltr'>συγκριτικῆς</span> <span class='ocrx_word' id='word_1_524' title='bbox 1607 242 1650 277; x_wconf 81' lang='grc' dir='ltr'>τῆς</span> <span class='ocrx_word' id='word_1_525' title='bbox 1672 246 1698 270; x_wconf 81' lang='grc' dir='ltr'>ἐν</span> <span class='ocrx_word' id='word_1_526' title='bbox 1715 254 1762 270; x_wconf 89' lang='grc' dir='ltr'>τα-</span> 
     </span>
     <span class='ocr_line' id='line_1_71' title="bbox 968 283 1761 331; baseline 0.003 -21"><span class='ocrx_word' id='word_1_527' title='bbox 968 285 1121 331; x_wconf 78' lang='grc' dir='ltr'>λασιουργίᾳ</span> <span class='ocrx_word' id='word_1_528' title='bbox 1141 283 1235 331; x_wconf 74' lang='grc' dir='ltr'>μόριον</span> <span class='ocrx_word' id='word_1_529' title='bbox 1257 284 1321 312; x_wconf 80' lang='grc' dir='ltr'>ὅταν</span> <span class='ocrx_word' id='word_1_530' title='bbox 1342 285 1503 312; x_wconf 69' lang='grc' dir='ltr'>εὐθυπλοκία</span> <span class='ocrx_word' id='word_1_531' title='bbox 1525 295 1617 321; x_wconf 87' lang='grc' dir='ltr'>κροκης</span> <span class='ocrx_word' id='word_1_532' title='bbox 1638 285 1681 312; x_wconf 81' lang='grc' dir='ltr'>καὶ</span> <span class='ocrx_word' id='word_1_533' title='bbox 1699 283 1761 320; x_wconf 78' lang='grc' dir='ltr'>στή-</span> 
     </span>
     <span class='ocr_line' id='line_1_72' title="bbox 967 325 1764 364; baseline 0 -11"><span class='ocrx_word' id='word_1_534' title='bbox 967 337 1048 362; x_wconf 91' lang='grc' dir='ltr'>μονος</span> <span class='ocrx_word' id='word_1_535' title='bbox 1071 325 1244 363; x_wconf 75' lang='grc' dir='ltr'>άπεργαζηται</span> <span class='ocrx_word' id='word_1_536' title='bbox 1261 329 1374 364; x_wconf 79' lang='grc' dir='ltr'>πλέγμα,</span> <span class='ocrx_word' id='word_1_537' title='bbox 1400 326 1430 354; x_wconf 91' lang='grc' dir='ltr'>τὸ</span> <span class='ocrx_word' id='word_1_538' title='bbox 1452 327 1499 362; x_wconf 80' lang='grc' dir='ltr'>μὲν</span> <span class='ocrx_word' id='word_1_539' title='bbox 1520 328 1636 361; x_wconf 82' lang='grc' dir='ltr'>πλεχθὲν</span> <span class='ocrx_word' id='word_1_540' title='bbox 1661 326 1764 363; x_wconf 86' lang='grc' dir='ltr'>ξύμπαν</span> 
     </span>
     <span class='ocr_line' id='line_1_73' title="bbox 969 367 1761 406; baseline 0 -11"><span class='ocrx_word' id='word_1_541' title='bbox 969 367 1073 402; x_wconf 78' lang='grc' dir='ltr'>ἐσθῆτα</span> <span class='ocrx_word' id='word_1_542' title='bbox 1091 368 1172 405; x_wconf 77' lang='grc' dir='ltr'>ἐρεᾶν,</span> <span class='ocrx_word' id='word_1_543' title='bbox 1191 368 1236 403; x_wconf 82' lang='grc' dir='ltr'>τὴν</span> <span class='ocrx_word' id='word_1_544' title='bbox 1253 369 1280 396; x_wconf 84' lang='grc' dir='ltr'>δὲ</span> <span class='ocrx_word' id='word_1_545' title='bbox 1299 369 1340 396; x_wconf 80' lang='grc' dir='ltr'>ἐπὶ</span> <span class='ocrx_word' id='word_1_546' title='bbox 1356 367 1440 404; x_wconf 78' lang='grc' dir='ltr'>τούτῳ</span> <span class='ocrx_word' id='word_1_547' title='bbox 1458 370 1545 403; x_wconf 80' lang='grc' dir='ltr'>τέχνην</span> <span class='ocrx_word' id='word_1_548' title='bbox 1563 380 1646 397; x_wconf 77' lang='grc' dir='ltr'>ουσαν</span> <span class='ocrx_word' id='word_1_549' title='bbox 1663 379 1761 406; x_wconf 84' lang='grc' dir='ltr'>προςα-</span> 
     </span>
     <span class='ocr_line' id='line_1_74' title="bbox 967 408 1762 462; baseline 0.003 -25"><span class='ocrx_word' id='word_1_550' title='bbox 967 408 1109 447; x_wconf 84' lang='grc' dir='ltr'>γορεύομεν</span> <span class='ocrx_word' id='word_1_551' title='bbox 1129 408 1276 462; x_wconf 75' lang='grc' dir='ltr'>ὗφαιτικήν.</span> <span class='ocrx_word' id='word_1_552' title='bbox 1320 416 1371 451; x_wconf 79' lang='grc' dir='ltr'>ΝΕ.</span> <span class='ocrx_word' id='word_1_553' title='bbox 1390 415 1445 438; x_wconf 90' lang='grc' dir='ltr'>ΣΩ.</span> <span class='ocrx_word' id='word_1_554' title='bbox 1468 408 1627 447; x_wconf 81' lang='grc' dir='ltr'>Ορθότατα.</span> <span class='ocrx_word' id='word_1_555' title='bbox 1671 417 1762 439; x_wconf 78' lang='grc' dir='ltr'>ΧΧΠ.</span> 
     </span>
     <span class='ocr_line' id='line_1_75' title="bbox 969 450 1761 490; baseline 0.004 -12"><span class='ocrx_word' id='word_1_556' title='bbox 969 457 1017 479; x_wconf 90' lang='grc' dir='ltr'>ΞΕ.</span> <span class='ocrx_word' id='word_1_557' title='bbox 1037 450 1102 479; x_wconf 72' lang='grc' dir='ltr'>Εἶεν.</span> <span class='ocrx_word' id='word_1_558' title='bbox 1129 453 1154 479; x_wconf 82' lang='grc' dir='ltr'>τί</span> <span class='ocrx_word' id='word_1_559' title='bbox 1179 451 1274 487; x_wconf 73' lang='grc' dir='ltr'>δήποτε</span> <span class='ocrx_word' id='word_1_560' title='bbox 1300 464 1346 480; x_wconf 86' lang='grc' dir='ltr'>ουν</span> <span class='ocrx_word' id='word_1_561' title='bbox 1372 451 1418 481; x_wconf 75' lang='grc' dir='ltr'>οὐκ</span> <span class='ocrx_word' id='word_1_562' title='bbox 1440 450 1522 483; x_wconf 72' lang='grc' dir='ltr'>εὐθὺς</span> <span class='ocrx_word' id='word_1_563' title='bbox 1540 451 1761 490; x_wconf 74' lang='grc' dir='ltr'>οἰπεκριναμεθαι</span> 
     </span>
     <span class='ocr_line' id='line_1_76' title="bbox 967 491 1764 531; baseline 0.004 -11"><span class='ocrx_word' id='word_1_564' title='bbox 967 494 1100 528; x_wconf 82' lang='grc' dir='ltr'>πλεκτικην</span> <span class='ocrx_word' id='word_1_565' title='bbox 1121 491 1185 521; x_wconf 78' lang='grc' dir='ltr'>εἶναι</span> <span class='ocrx_word' id='word_1_566' title='bbox 1207 493 1300 531; x_wconf 85' lang='grc' dir='ltr'>κρόκης</span> <span class='ocrx_word' id='word_1_567' title='bbox 1321 506 1364 521; x_wconf 85' lang='grc' dir='ltr'>και</span> <span class='ocrx_word' id='word_1_568' title='bbox 1388 505 1516 530; x_wconf 84' lang='grc' dir='ltr'>στημονος</span> <span class='ocrx_word' id='word_1_569' title='bbox 1532 494 1679 530; x_wconf 75' lang='grc' dir='ltr'>ὑφαντικήν,</span> <span class='ocrx_word' id='word_1_570' title='bbox 1699 493 1764 523; x_wconf 78' lang='grc' dir='ltr'>ἀλλὰ</span> 
     </span>
     <span class='ocr_line' id='line_1_77' title="bbox 967 535 1763 574; baseline 0.004 -12"><span class='ocrx_word' id='word_1_571' title='bbox 967 535 1144 572; x_wconf 77' lang='grc' dir='ltr'>περιήλθομεν</span> <span class='ocrx_word' id='word_1_572' title='bbox 1166 540 1191 563; x_wconf 82' lang='grc' dir='ltr'>ἐν</span> <span class='ocrx_word' id='word_1_573' title='bbox 1213 535 1293 572; x_wconf 78' lang='grc' dir='ltr'>κύκλῳ</span> <span class='ocrx_word' id='word_1_574' title='bbox 1315 535 1457 572; x_wconf 64' lang='grc' dir='ltr'>πάμπολλα</span> <span class='ocrx_word' id='word_1_575' title='bbox 1480 536 1647 573; x_wconf 79' lang='grc' dir='ltr'>διοριζόμενοι</span> <span class='ocrx_word' id='word_1_576' title='bbox 1667 549 1763 574; x_wconf 72' lang='grc' dir='ltr'>ματηνς</span> 
     </span>
     <span class='ocr_line' id='line_1_78' title="bbox 968 576 1762 618; baseline 0.005 -14"><span class='ocrx_word' id='word_1_577' title='bbox 968 583 1019 604; x_wconf 87' lang='lat' dir='ltr'>NE.</span> <span class='ocrx_word' id='word_1_578' title='bbox 1038 583 1092 604; x_wconf 86' lang='grc' dir='ltr'>ΣΩ.</span> <span class='ocrx_word' id='word_1_579' title='bbox 1115 576 1214 606; x_wconf 85' lang='grc' dir='ltr'>Ουκουν</span> <span class='ocrx_word' id='word_1_580' title='bbox 1232 579 1326 616; x_wconf 72' lang='grc' dir='ltr'>ἔμοιγε,</span> <span class='ocrx_word' id='word_1_581' title='bbox 1345 579 1365 605; x_wconf 81' lang='grc' dir='ltr'><em>ὦ</em></span> <span class='ocrx_word' id='word_1_582' title='bbox 1383 581 1444 610; x_wconf 76' lang='grc' dir='ltr'>ξένε,</span> <span class='ocrx_word' id='word_1_583' title='bbox 1461 578 1545 614; x_wconf 75' lang='grc' dir='ltr'>μιίτην</span> <span class='ocrx_word' id='word_1_584' title='bbox 1563 577 1638 607; x_wconf 75' lang='grc' dir='ltr'>οὐδὲν</span> <span class='ocrx_word' id='word_1_585' title='bbox 1652 580 1702 607; x_wconf 79' lang='grc' dir='ltr'>τῶν</span> <span class='ocrx_word' id='word_1_586' title='bbox 1716 583 1762 618; x_wconf 82' lang='grc' dir='ltr'>ῥη-</span> 
     </span>
     <span class='ocr_line' id='line_1_79' title="bbox 968 620 1762 669; baseline 0.004 -22"><span class='ocrx_word' id='word_1_587' title='bbox 968 621 1069 647; x_wconf 78' lang='grc' dir='ltr'>θέντων</span> <span class='ocrx_word' id='word_1_588' title='bbox 1091 620 1162 651; x_wconf 75' lang='grc' dir='ltr'>ἔδοξε</span> <span class='ocrx_word' id='word_1_589' title='bbox 1170 620 1305 669; x_wconf 75' lang='grc' dir='ltr'>ῥηθῆναι.</span> <span class='ocrx_word' id='word_1_590' title='bbox 1349 625 1397 648; x_wconf 88' lang='grc' dir='ltr'>ΞΕ</span> <span class='ocrx_word' id='word_1_591' title='bbox 1415 621 1471 647; x_wconf 80' lang='grc' dir='ltr'>Και</span> <span class='ocrx_word' id='word_1_592' title='bbox 1492 620 1649 657; x_wconf 78' lang='grc' dir='ltr'>θαυμαστόν</span> <span class='ocrx_word' id='word_1_593' title='bbox 1669 633 1698 659; x_wconf 78' lang='grc' dir='ltr'>γε</span> <span class='ocrx_word' id='word_1_594' title='bbox 1717 620 1762 650; x_wconf 76' lang='grc' dir='ltr'>αὖ·</span> 
     </span>
     <span class='ocr_line' id='line_1_80' title="bbox 968 659 1761 699; baseline 0.005 -11"><span class='ocrx_word' id='word_1_595' title='bbox 968 662 1019 689; x_wconf 85' lang='grc' dir='ltr'>δέν·</span> <span class='ocrx_word' id='word_1_596' title='bbox 1040 659 1103 688; x_wconf 77' lang='grc' dir='ltr'>ἀλλὰ</span> <span class='ocrx_word' id='word_1_597' title='bbox 1121 659 1177 696; x_wconf 58' lang='grc' dir='ltr'>ταί</span> <span class='ocrx_word' id='word_1_598' title='bbox 1198 661 1236 693; x_wconf 82' lang='grc' dir='ltr'>α’ν,</span> <span class='ocrx_word' id='word_1_599' title='bbox 1256 673 1275 689; x_wconf 90' lang='grc' dir='ltr'>ω</span> <span class='ocrx_word' id='word_1_600' title='bbox 1292 661 1410 699; x_wconf 74' lang='grc' dir='ltr'>μακάριε,</span> <span class='ocrx_word' id='word_1_601' title='bbox 1429 661 1518 693; x_wconf 80' lang='grc' dir='ltr'>δόξειε.</span> <span class='ocrx_word' id='word_1_602' title='bbox 1536 663 1602 699; x_wconf 87' lang='grc' dir='ltr'>πρὸς</span> <span class='ocrx_word' id='word_1_603' title='bbox 1621 663 1650 698; x_wconf 82' lang='grc' dir='ltr'>δὴ</span> <span class='ocrx_word' id='word_1_604' title='bbox 1668 663 1697 691; x_wconf 88' lang='grc' dir='ltr'>τὸ</span> <span class='ocrx_word' id='word_1_605' title='bbox 1716 663 1761 692; x_wconf 87' lang='grc' dir='ltr'>νό-</span> 
     </span>
     <span class='ocr_line' id='line_1_81' title="bbox 969 703 1762 742; baseline 0.004 -12"><span class='ocrx_word' id='word_1_606' title='bbox 969 715 1038 739; x_wconf 90' lang='grc' dir='ltr'>σημα</span> <span class='ocrx_word' id='word_1_607' title='bbox 1057 703 1086 730; x_wconf 85' lang='grc' dir='ltr'>τὸ</span> <span class='ocrx_word' id='word_1_608' title='bbox 1105 704 1236 735; x_wconf 78' lang='grc' dir='ltr'>τοιοῦτον,</span> <span class='ocrx_word' id='word_1_609' title='bbox 1260 716 1292 731; x_wconf 89' lang='grc' dir='ltr'>αν</span> <span class='ocrx_word' id='word_1_610' title='bbox 1311 703 1362 741; x_wconf 74' lang='grc' dir='ltr'>ἄρα</span> <span class='ocrx_word' id='word_1_611' title='bbox 1379 703 1529 735; x_wconf 72' lang='grc' dir='ltr'>πολλάκις</span> <span class='ocrx_word' id='word_1_612' title='bbox 1519 703 1629 741; x_wconf 82' lang='grc' dir='ltr'>ύστερον</span> <span class='ocrx_word' id='word_1_613' title='bbox 1647 707 1704 742; x_wconf 77' lang='grc' dir='ltr'>ἐπίη</span> <span class='ocrx_word' id='word_1_614' title='bbox 1722 723 1762 726; x_wconf 86' lang='grc'>-</span> 
     </span>
     <span class='ocr_line' id='line_1_82' title="bbox 968 744 1760 785; baseline 0.004 -13"><span class='ocrx_word' id='word_1_615' title='bbox 968 745 1129 782; x_wconf 80' lang='grc' dir='ltr'>θαυμαστὸν</span> <span class='ocrx_word' id='word_1_616' title='bbox 1149 745 1201 783; x_wconf 71' lang='grc' dir='ltr'>γὰρ</span> <span class='ocrx_word' id='word_1_617' title='bbox 1219 744 1293 773; x_wconf 77' lang='grc' dir='ltr'>οὐδέν</span> <span class='ocrx_word' id='word_1_618' title='bbox 1310 763 1358 779; x_wconf 86' lang='grc'>-,</span> <span class='ocrx_word' id='word_1_619' title='bbox 1377 745 1456 784; x_wconf 85' lang='grc' dir='ltr'>λόγον</span> <span class='ocrx_word' id='word_1_620' title='bbox 1475 745 1590 774; x_wconf 72' lang='grc' dir='ltr'>ἄκουσον</span> <span class='ocrx_word' id='word_1_621' title='bbox 1606 759 1663 775; x_wconf 87' lang='grc' dir='ltr'>τινα</span> <span class='ocrx_word' id='word_1_622' title='bbox 1680 759 1760 785; x_wconf 90' lang='grc' dir='ltr'>προς-</span> 
     </span>
     <span class='ocr_line' id='line_1_83' title="bbox 966 786 1761 827; baseline 0.004 -13"><span class='ocrx_word' id='word_1_623' title='bbox 966 786 1061 822; x_wconf 82' lang='grc' dir='ltr'>ήκοντα</span> <span class='ocrx_word' id='word_1_624' title='bbox 1087 788 1146 824; x_wconf 79' lang='grc' dir='ltr'>περὶ</span> <span class='ocrx_word' id='word_1_625' title='bbox 1172 786 1276 816; x_wconf 76' lang='grc' dir='ltr'>πάντων</span> <span class='ocrx_word' id='word_1_626' title='bbox 1297 787 1348 816; x_wconf 81' lang='grc' dir='ltr'>τῶν</span> <span class='ocrx_word' id='word_1_627' title='bbox 1371 794 1374 808; x_wconf 90' lang='lat'><strong>¹</strong></span> <span class='ocrx_word' id='word_1_628' title='bbox 1398 787 1523 816; x_wconf 74' lang='grc' dir='ltr'>τοιούτων</span> <span class='ocrx_word' id='word_1_629' title='bbox 1546 788 1666 827; x_wconf 74' lang='grc' dir='ltr'>ῥηθῆναι.</span> <span class='ocrx_word' id='word_1_630' title='bbox 1710 795 1761 817; x_wconf 91' lang='grc' dir='ltr'>ΝΕ</span> 
     </span>
     <span class='ocr_line' id='line_1_84' title="bbox 967 828 1763 880; baseline 0.003 -23"><span class='ocrx_word' id='word_1_631' title='bbox 967 834 1022 857; x_wconf 90' lang='grc' dir='ltr'>ΣΩ.</span> <span class='ocrx_word' id='word_1_632' title='bbox 1041 832 1107 867; x_wconf 74' lang='grc' dir='ltr'>Λέγε</span> <span class='ocrx_word' id='word_1_633' title='bbox 1124 828 1214 866; x_wconf 89' lang='grc' dir='ltr'>μόνον.</span> <span class='ocrx_word' id='word_1_634' title='bbox 1258 834 1305 858; x_wconf 90' lang='grc' dir='ltr'>ΞΕ.</span> <span class='ocrx_word' id='word_1_635' title='bbox 1323 830 1437 868; x_wconf 80' lang='grc' dir='ltr'>Πρῶτον</span> <span class='ocrx_word' id='word_1_636' title='bbox 1458 832 1543 858; x_wconf 82' lang='grc' dir='ltr'>τοίνυν</span> <span class='ocrx_word' id='word_1_637' title='bbox 1565 831 1656 880; x_wconf 77' lang='grc' dir='ltr'>ἴδωμεν</span> <span class='ocrx_word' id='word_1_638' title='bbox 1673 831 1763 859; x_wconf 76' lang='grc' dir='ltr'>πᾶσαν</span> 
     </span>
     <span class='ocr_line' id='line_1_85' title="bbox 966 870 1763 911; baseline 0.004 -12"><span class='ocrx_word' id='word_1_639' title='bbox 966 870 1012 906; x_wconf 87' lang='grc' dir='ltr'>τήν</span> <span class='ocrx_word' id='word_1_640' title='bbox 1037 883 1063 899; x_wconf 82' lang='grc' dir='ltr'>τε</span> <span class='ocrx_word' id='word_1_641' title='bbox 1089 870 1234 909; x_wconf 73' lang='grc' dir='ltr'>υπερβολὴν</span> <span class='ocrx_word' id='word_1_642' title='bbox 1255 874 1298 900; x_wconf 82' lang='grc' dir='ltr'>καὶ</span> <span class='ocrx_word' id='word_1_643' title='bbox 1319 872 1364 908; x_wconf 82' lang='grc' dir='ltr'>τὴν</span> <span class='ocrx_word' id='word_1_644' title='bbox 1386 874 1502 909; x_wconf 79' lang='grc' dir='ltr'>ἔλλειψιν,</span> <span class='ocrx_word' id='word_1_645' title='bbox 1528 874 1571 900; x_wconf 91' lang='grc' dir='ltr'>ι’να</span> <span class='ocrx_word' id='word_1_646' title='bbox 1593 873 1659 901; x_wconf 79' lang='grc' dir='ltr'>κατὰ</span> <span class='ocrx_word' id='word_1_647' title='bbox 1683 873 1763 911; x_wconf 82' lang='grc' dir='ltr'>λόγον</span> 
     </span>
     <span class='ocr_line' id='line_1_86' title="bbox 967 914 1763 952; baseline 0.003 -11"><span class='ocrx_word' id='word_1_648' title='bbox 967 914 1109 950; x_wconf 78' lang='grc' dir='ltr'>ἐπαινῶμεν</span> <span class='ocrx_word' id='word_1_649' title='bbox 1133 915 1177 941; x_wconf 82' lang='grc' dir='ltr'>καὶ</span> <span class='ocrx_word' id='word_1_650' title='bbox 1203 916 1322 952; x_wconf 78' lang='grc' dir='ltr'>ψέγωμεν</span> <span class='ocrx_word' id='word_1_651' title='bbox 1348 914 1381 942; x_wconf 83' lang='grc' dir='ltr'>τὰ</span> <span class='ocrx_word' id='word_1_652' title='bbox 1407 914 1555 952; x_wconf 80' lang='grc' dir='ltr'>μακρότερα</span> <span class='ocrx_word' id='word_1_653' title='bbox 1585 915 1633 943; x_wconf 80' lang='grc' dir='ltr'>τοῦ</span> <span class='ocrx_word' id='word_1_654' title='bbox 1660 916 1763 947; x_wconf 75' lang='grc' dir='ltr'>δέοντος</span> 
     </span>
     <span class='ocr_line' id='line_1_87' title="bbox 966 955 1760 994; baseline 0.003 -11"><span class='ocrx_word' id='word_1_655' title='bbox 966 955 1090 984; x_wconf 75' lang='grc' dir='ltr'>ἑκαστοτε</span> <span class='ocrx_word' id='word_1_656' title='bbox 1107 956 1232 994; x_wconf 76' lang='grc' dir='ltr'>λεγόμενα</span> <span class='ocrx_word' id='word_1_657' title='bbox 1250 958 1293 984; x_wconf 78' lang='grc' dir='ltr'>καὶ</span> <span class='ocrx_word' id='word_1_658' title='bbox 1310 955 1433 985; x_wconf 75' lang='grc' dir='ltr'>τάναντία</span> <span class='ocrx_word' id='word_1_659' title='bbox 1451 968 1511 994; x_wconf 86' lang='grc' dir='ltr'>περι</span> <span class='ocrx_word' id='word_1_660' title='bbox 1527 957 1574 988; x_wconf 82' lang='grc' dir='ltr'>τὰς</span> <span class='ocrx_word' id='word_1_661' title='bbox 1589 956 1687 988; x_wconf 88' lang='grc' dir='ltr'>τοιαςδε</span> <span class='ocrx_word' id='word_1_662' title='bbox 1704 959 1760 985; x_wconf 92' lang='grc' dir='ltr'>δια-</span> 
     </span>
     <span class='ocr_line' id='line_1_88' title="bbox 965 996 1762 1036; baseline 0.004 -11"><span class='ocrx_word' id='word_1_663' title='bbox 965 996 1061 1035; x_wconf 85' lang='grc' dir='ltr'>τριβας.</span> <span class='ocrx_word' id='word_1_664' title='bbox 1105 1004 1155 1026; x_wconf 91' lang='grc' dir='ltr'>ΝΕ.</span> <span class='ocrx_word' id='word_1_665' title='bbox 1174 1004 1229 1026; x_wconf 89' lang='grc' dir='ltr'>ΣΩ.</span> <span class='ocrx_word' id='word_1_666' title='bbox 1251 997 1350 1027; x_wconf 75' lang='grc' dir='ltr'>Οὐκοῦν</span> <span class='ocrx_word' id='word_1_667' title='bbox 1364 998 1422 1036; x_wconf 80' lang='grc' dir='ltr'>χρή.</span> <span class='ocrx_word' id='word_1_668' title='bbox 1466 1005 1513 1027; x_wconf 91' lang='grc' dir='ltr'>ΞΕ.</span> <span class='ocrx_word' id='word_1_669' title='bbox 1532 1000 1600 1036; x_wconf 80' lang='grc' dir='ltr'>Περὶ</span> <span class='ocrx_word' id='word_1_670' title='bbox 1618 999 1647 1034; x_wconf 86' lang='grc' dir='ltr'>δὴ</span> <span class='ocrx_word' id='word_1_671' title='bbox 1664 999 1762 1028; x_wconf 77' lang='grc' dir='ltr'>τούτων</span> 
     </span>
     <span class='ocr_line' id='line_1_89' title="bbox 967 1038 1759 1080; baseline 0.001 -12"><span class='ocrx_word' id='word_1_672' title='bbox 967 1038 1085 1068; x_wconf 75' lang='grc' dir='ltr'>αὐτῶν</span> <span class='ocrx_word' id='word_1_673' title='bbox 1073 1052 1087 1068; x_wconf 92' lang='grc' dir='ltr'>ο</span> <span class='ocrx_word' id='word_1_674' title='bbox 1109 1039 1217 1078; x_wconf 48' lang='grc' dir='ltr'>λόγος(</span> <span class='ocrx_word' id='word_1_675' title='bbox 1205 1044 1275 1077; x_wconf 83' lang='grc' dir='ltr'>ημῖν,</span> <span class='ocrx_word' id='word_1_676' title='bbox 1295 1053 1378 1078; x_wconf 86' lang='grc' dir='ltr'>οιμαι,</span> <span class='ocrx_word' id='word_1_677' title='bbox 1396 1040 1547 1079; x_wconf 80' lang='grc' dir='ltr'>γιγνόμενος</span> <span class='ocrx_word' id='word_1_678' title='bbox 1565 1040 1656 1079; x_wconf 78' lang='grc' dir='ltr'>ὀρθῶς</span> <span class='ocrx_word' id='word_1_679' title='bbox 1671 1040 1703 1069; x_wconf 73' lang='grc' dir='ltr'>ἂν</span> <span class='ocrx_word' id='word_1_680' title='bbox 1719 1043 1759 1080; x_wconf 83' lang='grc' dir='ltr'>γί-</span> 
     </span>
     <span class='ocr_line' id='line_1_90' title="bbox 964 1082 1760 1121; baseline 0.003 -11"><span class='ocrx_word' id='word_1_681' title='bbox 964 1094 1061 1120; x_wconf 84' lang='grc' dir='ltr'>γνοιτο.</span> <span class='ocrx_word' id='word_1_682' title='bbox 1105 1088 1157 1110; x_wconf 87' lang='lat' dir='ltr'>NE</span> <span class='ocrx_word' id='word_1_683' title='bbox 1179 1087 1235 1110; x_wconf 91' lang='grc' dir='ltr'>ΣΩ.</span> <span class='ocrx_word' id='word_1_684' title='bbox 1255 1085 1347 1117; x_wconf 83' lang='grc' dir='ltr'>Τίνων,-</span> <span class='ocrx_word' id='word_1_685' title='bbox 1392 1089 1439 1110; x_wconf 89' lang='grc' dir='ltr'>ΞΕ.</span> <span class='ocrx_word' id='word_1_686' title='bbox 1462 1082 1571 1119; x_wconf 84' lang='grc' dir='ltr'>Μήκους</span> <span class='ocrx_word' id='word_1_687' title='bbox 1592 1095 1619 1111; x_wconf 90' lang='grc' dir='ltr'>τε</span> <span class='ocrx_word' id='word_1_688' title='bbox 1640 1086 1697 1121; x_wconf 78' lang='grc' dir='ltr'>πέρι</span> <span class='ocrx_word' id='word_1_689' title='bbox 1718 1097 1760 1112; x_wconf 87' lang='grc' dir='ltr'>και</span> 
     </span>
     <span class='ocr_line' id='line_1_91' title="bbox 966 1121 1759 1174; baseline 0.004 -23"><span class='ocrx_word' id='word_1_690' title='bbox 966 1123 1124 1161; x_wconf 77' lang='grc' dir='ltr'>βραχύτητος</span> <span class='ocrx_word' id='word_1_691' title='bbox 1141 1137 1185 1152; x_wconf 91' lang='grc' dir='ltr'>και</span> <span class='ocrx_word' id='word_1_692' title='bbox 1201 1124 1289 1174; x_wconf 59' lang='grc' dir='ltr'>πόσης</span> <span class='ocrx_word' id='word_1_693' title='bbox 1304 1124 1433 1163; x_wconf 71' lang='grc' dir='ltr'>ὑπεροχῆς</span> <span class='ocrx_word' id='word_1_694' title='bbox 1449 1138 1476 1154; x_wconf 87' lang='grc' dir='ltr'>τε</span> <span class='ocrx_word' id='word_1_695' title='bbox 1494 1138 1537 1153; x_wconf 87' lang='grc' dir='ltr'>και</span> <span class='ocrx_word' id='word_1_696' title='bbox 1556 1127 1694 1163; x_wconf 84' lang='grc' dir='ltr'>ἐλλείψεως.</span> <span class='ocrx_word' id='word_1_697' title='bbox 1721 1121 1736 1161; x_wconf 79' lang='grc' dir='ltr'><strong><em>ἦ</em></strong></span> <span class='ocrx_word' id='word_1_698' title='bbox 1755 1133 1759 1146; x_wconf 85' lang='lat'><strong>¹</strong></span> 
     </span>
     <span class='ocr_line' id='line_1_92' title="bbox 964 1165 1759 1205; baseline 0.003 -12"><span class='ocrx_word' id='word_1_699' title='bbox 964 1165 1016 1204; x_wconf 74' lang='grc' dir='ltr'>γάρ</span> <span class='ocrx_word' id='word_1_700' title='bbox 1033 1179 1086 1194; x_wconf 87' lang='grc' dir='ltr'>που</span> <span class='ocrx_word' id='word_1_701' title='bbox 1101 1167 1236 1204; x_wconf 76' lang='grc' dir='ltr'>μετρητικὴ</span> <span class='ocrx_word' id='word_1_702' title='bbox 1258 1179 1317 1205; x_wconf 82' lang='grc' dir='ltr'>περι</span> <span class='ocrx_word' id='word_1_703' title='bbox 1334 1166 1408 1196; x_wconf 66' lang='grc' dir='ltr'>πάντ’</span> <span class='ocrx_word' id='word_1_704' title='bbox 1429 1168 1483 1196; x_wconf 83' lang='grc' dir='ltr'>ἐστι</span> <span class='ocrx_word' id='word_1_705' title='bbox 1501 1168 1591 1196; x_wconf 78' lang='grc' dir='ltr'>ταῦτα.</span> <span class='ocrx_word' id='word_1_706' title='bbox 1635 1174 1686 1195; x_wconf 90' lang='lat' dir='ltr'>NE.</span> <span class='ocrx_word' id='word_1_707' title='bbox 1704 1173 1759 1195; x_wconf 92' lang='grc' dir='ltr'>ΣΩ</span> 
     </span>
     <span class='ocr_line' id='line_1_93' title="bbox 968 1208 1760 1248; baseline 0.003 -12"><span class='ocrx_word' id='word_1_708' title='bbox 968 1210 1030 1236; x_wconf 86' lang='grc' dir='ltr'>Ναί.</span> <span class='ocrx_word' id='word_1_709' title='bbox 1075 1214 1124 1236; x_wconf 89' lang='grc' dir='ltr'>ΞΕ.</span> <span class='ocrx_word' id='word_1_710' title='bbox 1143 1211 1270 1246; x_wconf 61' lang='grc' dir='ltr'>Διᾶωμεν</span> <span class='ocrx_word' id='word_1_711' title='bbox 1291 1211 1377 1238; x_wconf 82' lang='grc' dir='ltr'>τοίνυν</span> <span class='ocrx_word' id='word_1_712' title='bbox 1399 1208 1477 1244; x_wconf 85' lang='grc' dir='ltr'>αυτὴν</span> <span class='ocrx_word' id='word_1_713' title='bbox 1495 1209 1540 1238; x_wconf 84' lang='grc' dir='ltr'>δύο</span> <span class='ocrx_word' id='word_1_714' title='bbox 1558 1212 1631 1247; x_wconf 81' lang='grc' dir='ltr'>μέρη·</span> <span class='ocrx_word' id='word_1_715' title='bbox 1655 1211 1694 1238; x_wconf 79' lang='grc' dir='ltr'>δεῖ</span> <span class='ocrx_word' id='word_1_716' title='bbox 1709 1210 1760 1248; x_wconf 74' lang='grc' dir='ltr'>γὰρ</span> 
     </span>
     <span class='ocr_line' id='line_1_94' title="bbox 966 1250 1762 1290; baseline 0.003 -12"><span class='ocrx_word' id='word_1_717' title='bbox 966 1251 996 1285; x_wconf 82' lang='grc' dir='ltr'>δὴ</span> <span class='ocrx_word' id='word_1_718' title='bbox 1016 1250 1082 1287; x_wconf 85' lang='grc' dir='ltr'>πρὸς</span> <span class='ocrx_word' id='word_1_719' title='bbox 1105 1250 1120 1279; x_wconf 74' lang='grc' dir='ltr'>ὅ</span> <span class='ocrx_word' id='word_1_720' title='bbox 1142 1251 1186 1279; x_wconf 78' lang='grc' dir='ltr'>νῦν</span> <span class='ocrx_word' id='word_1_721' title='bbox 1208 1251 1358 1288; x_wconf 83' lang='grc' dir='ltr'>σπεύδομεν.</span> <span class='ocrx_word' id='word_1_722' title='bbox 1399 1258 1450 1280; x_wconf 89' lang='lat' dir='ltr'>NE.</span> <span class='ocrx_word' id='word_1_723' title='bbox 1469 1257 1525 1280; x_wconf 88' lang='grc' dir='ltr'>ΣΩ.</span> <span class='ocrx_word' id='word_1_724' title='bbox 1548 1255 1642 1290; x_wconf 77' lang='grc' dir='ltr'>Λέγοις</span> <span class='ocrx_word' id='word_1_725' title='bbox 1664 1251 1696 1280; x_wconf 74' lang='grc' dir='ltr'>ἂν</span> <span class='ocrx_word' id='word_1_726' title='bbox 1717 1252 1762 1287; x_wconf 79' lang='grc' dir='ltr'>τὴν</span> 
     </span>
     <span class='ocr_line' id='line_1_95' title="bbox 1211 1293 1759 1331; baseline 0.002 -10"><span class='ocrx_word' id='word_1_727' title='bbox 1211 1299 1259 1322; x_wconf 90' lang='grc' dir='ltr'>ΞΕ.</span> <span class='ocrx_word' id='word_1_728' title='bbox 1280 1295 1354 1331; x_wconf 80' lang='grc' dir='ltr'>Τῇδε,</span> <span class='ocrx_word' id='word_1_729' title='bbox 1372 1294 1402 1323; x_wconf 85' lang='grc' dir='ltr'>τὸ</span> <span class='ocrx_word' id='word_1_730' title='bbox 1419 1297 1466 1331; x_wconf 85' lang='grc' dir='ltr'>μὲν</span> <span class='ocrx_word' id='word_1_731' title='bbox 1483 1294 1549 1322; x_wconf 77' lang='grc' dir='ltr'>κατὰ</span> <span class='ocrx_word' id='word_1_732' title='bbox 1568 1294 1612 1329; x_wconf 80' lang='grc' dir='ltr'>τὴν</span> <span class='ocrx_word' id='word_1_733' title='bbox 1629 1294 1695 1331; x_wconf 88' lang='grc' dir='ltr'>πρὸς</span> <span class='ocrx_word' id='word_1_734' title='bbox 1713 1293 1759 1322; x_wconf 60' lang='grc' dir='ltr'>«ἴλ-</span> 
     </span>
     <span class='ocr_line' id='line_1_96' title="bbox 965 1336 1760 1374; baseline 0 -11"><span class='ocrx_word' id='word_1_735' title='bbox 965 1338 1027 1370; x_wconf 81' lang='grc' dir='ltr'>ληλα</span> <span class='ocrx_word' id='word_1_736' title='bbox 1044 1338 1176 1374; x_wconf 77' lang='grc' dir='ltr'>μεγέθους</span> <span class='ocrx_word' id='word_1_737' title='bbox 1193 1337 1236 1363; x_wconf 79' lang='grc' dir='ltr'>καῖ</span> <span class='ocrx_word' id='word_1_738' title='bbox 1255 1336 1424 1373; x_wconf 82' lang='grc' dir='ltr'>σμικρότητος</span> <span class='ocrx_word' id='word_1_739' title='bbox 1442 1338 1582 1368; x_wconf 82' lang='grc' dir='ltr'>κοινωνίαν,</span> <span class='ocrx_word' id='word_1_740' title='bbox 1601 1336 1631 1364; x_wconf 84' lang='grc' dir='ltr'>τὸ</span> <span class='ocrx_word' id='word_1_741' title='bbox 1651 1337 1677 1365; x_wconf 85' lang='grc' dir='ltr'>δὲ</span> <span class='ocrx_word' id='word_1_742' title='bbox 1695 1337 1760 1364; x_wconf 78' lang='grc' dir='ltr'>κατὰ</span> 
     </span>
     <span class='ocr_line' id='line_1_97' title="bbox 966 1377 1762 1416; baseline 0.001 -11"><span class='ocrx_word' id='word_1_743' title='bbox 966 1378 1010 1412; x_wconf 84' lang='grc' dir='ltr'>τὴν</span> <span class='ocrx_word' id='word_1_744' title='bbox 1031 1378 1075 1413; x_wconf 85' lang='grc' dir='ltr'>τῆς</span> <span class='ocrx_word' id='word_1_745' title='bbox 1094 1381 1218 1416; x_wconf 82' lang='grc' dir='ltr'>γενέσεως</span> <span class='ocrx_word' id='word_1_746' title='bbox 1239 1377 1382 1416; x_wconf 72' lang='grc' dir='ltr'>ἀναγκαίαν</span> <span class='ocrx_word' id='word_1_747' title='bbox 1405 1377 1504 1406; x_wconf 76' lang='grc' dir='ltr'>οὐσίαν.</span> <span class='ocrx_word' id='word_1_748' title='bbox 1549 1384 1598 1406; x_wconf 90' lang='grc' dir='ltr'>ΝΕ.</span> <span class='ocrx_word' id='word_1_749' title='bbox 1621 1384 1675 1406; x_wconf 94' lang='grc' dir='ltr'>ΣΩ.</span> <span class='ocrx_word' id='word_1_750' title='bbox 1698 1378 1762 1410; x_wconf 81' lang='grc' dir='ltr'>Πῶς</span> 
     </span>
     <span class='ocr_line' id='line_1_98' title="bbox 966 1416 1761 1458; baseline 0.003 -11"><span class='ocrx_word' id='word_1_751' title='bbox 966 1422 1056 1458; x_wconf 79' lang='grc' dir='ltr'>λέγεις,·</span> <span class='ocrx_word' id='word_1_752' title='bbox 1100 1426 1148 1447; x_wconf 87' lang='grc' dir='ltr'>ΞΕ.</span> <span class='ocrx_word' id='word_1_753' title='bbox 1166 1416 1216 1457; x_wconf 46' lang='grc' dir='ltr'>ἶΑρ)</span> <span class='ocrx_word' id='word_1_754' title='bbox 1236 1419 1268 1449; x_wconf 77' lang='grc' dir='ltr'>ού</span> <span class='ocrx_word' id='word_1_755' title='bbox 1285 1422 1351 1449; x_wconf 79' lang='grc' dir='ltr'>κατα</span> <span class='ocrx_word' id='word_1_756' title='bbox 1374 1419 1453 1457; x_wconf 76' lang='grc' dir='ltr'>φύσιν</span> <span class='ocrx_word' id='word_1_757' title='bbox 1475 1422 1545 1448; x_wconf 82' lang='grc' dir='ltr'>δοκεῖ</span> <span class='ocrx_word' id='word_1_758' title='bbox 1567 1433 1610 1449; x_wconf 88' lang='grc' dir='ltr'>σοι</span> <span class='ocrx_word' id='word_1_759' title='bbox 1627 1421 1657 1449; x_wconf 90' lang='grc' dir='ltr'>τὸ</span> <span class='ocrx_word' id='word_1_760' title='bbox 1674 1424 1761 1458; x_wconf 73' lang='grc' dir='ltr'>μεῖζον</span> 
     </span>
     <span class='ocr_line' id='line_1_99' title="bbox 964 1462 1761 1503; baseline 0.003 -14"><span class='ocrx_word' id='word_1_761' title='bbox 964 1462 1073 1499; x_wconf 84' lang='grc' dir='ltr'>μηδενὸς</span> <span class='ocrx_word' id='word_1_762' title='bbox 1090 1464 1178 1503; x_wconf 75' lang='grc' dir='ltr'>ἑτέρου</span> <span class='ocrx_word' id='word_1_763' title='bbox 1196 1463 1247 1490; x_wconf 83' lang='grc' dir='ltr'>δεῖν</span> <span class='ocrx_word' id='word_1_764' title='bbox 1263 1466 1350 1500; x_wconf 73' lang='grc' dir='ltr'>μεῖζον</span> <span class='ocrx_word' id='word_1_765' title='bbox 1366 1465 1447 1501; x_wconf 80' lang='grc' dir='ltr'>λέγειν</span> <span class='ocrx_word' id='word_1_766' title='bbox 1463 1462 1478 1498; x_wconf 85' lang='grc' dir='ltr'><em>ἢ</em></span> <span class='ocrx_word' id='word_1_767' title='bbox 1497 1463 1542 1491; x_wconf 86' lang='grc' dir='ltr'><strong>τοῦ</strong></span> <span class='ocrx_word' id='word_1_768' title='bbox 1559 1462 1701 1495; x_wconf 72' lang='grc' dir='ltr'>ἐλάττονος,</span> <span class='ocrx_word' id='word_1_769' title='bbox 1718 1464 1761 1491; x_wconf 77' lang='grc' dir='ltr'>καὶ</span> 
     </span>
     <span class='ocr_line' id='line_1_100' title="bbox 965 1503 1758 1542; baseline 0.003 -10"><span class='ocrx_word' id='word_1_770' title='bbox 965 1503 1108 1532; x_wconf 74' lang='grc' dir='ltr'>τοῦλαττον</span> <span class='ocrx_word' id='word_1_771' title='bbox 1130 1506 1163 1532; x_wconf 79' lang='grc' dir='ltr'>αὐ</span> <span class='ocrx_word' id='word_1_772' title='bbox 1185 1505 1232 1533; x_wconf 81' lang='grc' dir='ltr'>τοῦ</span> <span class='ocrx_word' id='word_1_773' title='bbox 1248 1507 1364 1542; x_wconf 69' lang='grc' dir='ltr'>μείζονος</span> <span class='ocrx_word' id='word_1_774' title='bbox 1382 1512 1386 1526; x_wconf 92' lang='lat'><strong>¹</strong></span> <span class='ocrx_word' id='word_1_775' title='bbox 1407 1506 1520 1537; x_wconf 73' lang='grc' dir='ltr'>ἔλαττον,</span> <span class='ocrx_word' id='word_1_776' title='bbox 1540 1504 1619 1533; x_wconf 68' lang='grc' dir='ltr'>ἄλλον</span> <span class='ocrx_word' id='word_1_777' title='bbox 1637 1506 1663 1533; x_wconf 87' lang='grc' dir='ltr'>δὲ</span> <span class='ocrx_word' id='word_1_778' title='bbox 1680 1507 1758 1542; x_wconf 78' lang='grc' dir='ltr'>μηδε-</span> 
     </span>
     <span class='ocr_line' id='line_1_101' title="bbox 965 1545 1758 1585; baseline 0.001 -11"><span class='ocrx_word' id='word_1_779' title='bbox 965 1545 1022 1580; x_wconf 74' lang='grc' dir='ltr'>νόςς</span> <span class='ocrx_word' id='word_1_780' title='bbox 1067 1553 1116 1574; x_wconf 90' lang='grc' dir='ltr'>ΝΕ.</span> <span class='ocrx_word' id='word_1_781' title='bbox 1135 1552 1191 1574; x_wconf 88' lang='grc' dir='ltr'>ΣΩ.</span> <span class='ocrx_word' id='word_1_782' title='bbox 1206 1546 1316 1585; x_wconf 81' lang='grc' dir='ltr'>Έμοιγε.</span> <span class='ocrx_word' id='word_1_783' title='bbox 1360 1552 1409 1576; x_wconf 92' lang='grc' dir='ltr'>ΞΕ</span> <span class='ocrx_word' id='word_1_784' title='bbox 1429 1549 1460 1575; x_wconf 87' lang='grc' dir='ltr'>Τί</span> <span class='ocrx_word' id='word_1_785' title='bbox 1477 1548 1516 1580; x_wconf 84' lang='grc' dir='ltr'>δέ·</span> <span class='ocrx_word' id='word_1_786' title='bbox 1538 1547 1568 1575; x_wconf 84' lang='grc' dir='ltr'>τὸ</span> <span class='ocrx_word' id='word_1_787' title='bbox 1587 1547 1632 1583; x_wconf 75' lang='grc' dir='ltr'>τὴν</span> <span class='ocrx_word' id='word_1_788' title='bbox 1650 1548 1696 1576; x_wconf 78' lang='grc' dir='ltr'>τοῦ</span> <span class='ocrx_word' id='word_1_789' title='bbox 1713 1560 1758 1585; x_wconf 86' lang='grc' dir='ltr'>με-</span> 
     </span>
     <span class='ocr_line' id='line_1_102' title="bbox 965 1588 1759 1640; baseline 0 -23"><span class='ocrx_word' id='word_1_790' title='bbox 965 1590 1038 1636; x_wconf 81' lang='grc' dir='ltr'>τρίου</span> <span class='ocrx_word' id='word_1_791' title='bbox 1059 1588 1138 1625; x_wconf 82' lang='grc' dir='ltr'>φύσιν</span> <span class='ocrx_word' id='word_1_792' title='bbox 1157 1588 1319 1627; x_wconf 74' lang='grc' dir='ltr'>ὖπερβαλλον</span> <span class='ocrx_word' id='word_1_793' title='bbox 1340 1591 1384 1618; x_wconf 78' lang='grc' dir='ltr'>καὶ</span> <span class='ocrx_word' id='word_1_794' title='bbox 1404 1588 1639 1640; x_wconf 71' lang='grc' dir='ltr'>υπερβαλλόμενον</span> <span class='ocrx_word' id='word_1_795' title='bbox 1648 1602 1685 1618; x_wconf 81' lang='lat' dir='ltr'>vn</span> <span class='ocrx_word' id='word_1_796' title='bbox 1712 1602 1759 1618; x_wconf 83' lang='grc' dir='ltr'>αυ-</span> 
     </span>
     <span class='ocr_line' id='line_1_103' title="bbox 965 1630 1761 1674; baseline 0.001 -15"><span class='ocrx_word' id='word_1_797' title='bbox 965 1632 1009 1666; x_wconf 82' lang='grc' dir='ltr'>τῆς</span> <span class='ocrx_word' id='word_1_798' title='bbox 1031 1635 1057 1659; x_wconf 82' lang='grc' dir='ltr'>ἐν</span> <span class='ocrx_word' id='word_1_799' title='bbox 1078 1630 1164 1669; x_wconf 88' lang='grc' dir='ltr'>λόγοις</span> <span class='ocrx_word' id='word_1_800' title='bbox 1185 1634 1235 1660; x_wconf 79' lang='grc' dir='ltr'>εἴτε</span> <span class='ocrx_word' id='word_1_801' title='bbox 1257 1633 1300 1659; x_wconf 82' lang='grc' dir='ltr'>καὶ</span> <span class='ocrx_word' id='word_1_802' title='bbox 1323 1636 1348 1660; x_wconf 81' lang='grc' dir='ltr'>ἐν</span> <span class='ocrx_word' id='word_1_803' title='bbox 1371 1643 1455 1674; x_wconf 78' lang='grc' dir='ltr'>εργοις</span> <span class='ocrx_word' id='word_1_804' title='bbox 1477 1644 1510 1669; x_wconf 89' lang='grc' dir='ltr'>αρ</span> <span class='ocrx_word' id='word_1_805' title='bbox 1537 1630 1583 1660; x_wconf 75' lang='grc' dir='ltr'>οὐκ</span> <span class='ocrx_word' id='word_1_806' title='bbox 1607 1633 1639 1660; x_wconf 77' lang='grc' dir='ltr'>αὐ</span> <span class='ocrx_word' id='word_1_807' title='bbox 1657 1634 1761 1669; x_wconf 78' lang='grc' dir='ltr'>λέξομεν</span> 
     </span>
     <span class='ocr_line' id='line_1_104' title="bbox 965 1672 1760 1712; baseline 0.001 -11"><span class='ocrx_word' id='word_1_808' title='bbox 965 1672 999 1704; x_wconf 75' lang='grc' dir='ltr'>ὡς</span> <span class='ocrx_word' id='word_1_809' title='bbox 1021 1672 1100 1705; x_wconf 80' lang='grc' dir='ltr'>ὅντως</span> <span class='ocrx_word' id='word_1_810' title='bbox 1124 1673 1288 1712; x_wconf 86' lang='grc' dir='ltr'>γιγνόμενον,</span> <span class='ocrx_word' id='word_1_811' title='bbox 1316 1678 1343 1702; x_wconf 77' lang='grc' dir='ltr'>ἐν</span> <span class='ocrx_word' id='word_1_812' title='bbox 1364 1676 1384 1711; x_wconf 82' lang='grc' dir='ltr'>ῴ</span> <span class='ocrx_word' id='word_1_813' title='bbox 1405 1687 1448 1702; x_wconf 88' lang='grc' dir='ltr'>και</span> <span class='ocrx_word' id='word_1_814' title='bbox 1472 1675 1623 1711; x_wconf 79' lang='grc' dir='ltr'>διαφέρουσι</span> <span class='ocrx_word' id='word_1_815' title='bbox 1647 1673 1760 1711; x_wconf 78' lang='grc' dir='ltr'>μάλιστα</span> 
     </span>
     <span class='ocr_line' id='line_1_105' title="bbox 965 1714 1759 1755; baseline 0.003 -12"><span class='ocrx_word' id='word_1_816' title='bbox 965 1714 1035 1752; x_wconf 81' lang='grc' dir='ltr'>ημῶν</span> <span class='ocrx_word' id='word_1_817' title='bbox 1057 1717 1084 1744; x_wconf 94' lang='grc' dir='ltr'>οι.’</span> <span class='ocrx_word' id='word_1_818' title='bbox 1104 1727 1130 1744; x_wconf 79' lang='grc' dir='ltr'>τε</span> <span class='ocrx_word' id='word_1_819' title='bbox 1152 1728 1228 1744; x_wconf 84' lang='grc' dir='ltr'>κακοι</span> <span class='ocrx_word' id='word_1_820' title='bbox 1249 1729 1293 1744; x_wconf 90' lang='grc' dir='ltr'>και</span> <span class='ocrx_word' id='word_1_821' title='bbox 1315 1717 1341 1745; x_wconf 84' lang='grc' dir='ltr'>οἶ</span> <span class='ocrx_word' id='word_1_822' title='bbox 1360 1715 1476 1755; x_wconf 75' lang='grc' dir='ltr'>ἅγαθοίς</span> <span class='ocrx_word' id='word_1_823' title='bbox 1521 1722 1570 1744; x_wconf 90' lang='grc' dir='ltr'>ΝΕ.</span> <span class='ocrx_word' id='word_1_824' title='bbox 1590 1722 1644 1744; x_wconf 89' lang='grc' dir='ltr'>ΣΩ.</span> <span class='ocrx_word' id='word_1_825' title='bbox 1667 1718 1759 1745; x_wconf 77' lang='grc' dir='ltr'>Φαίνε-</span> 
     </span>
     <span class='ocr_line' id='line_1_106' title="bbox 964 1756 1761 1796; baseline 0.001 -11"><span class='ocrx_word' id='word_1_826' title='bbox 964 1770 1014 1786; x_wconf 82' lang='grc' dir='ltr'>ται.</span> <span class='ocrx_word' id='word_1_827' title='bbox 1059 1763 1106 1786; x_wconf 93' lang='grc' dir='ltr'>ΞΕ.</span> <span class='ocrx_word' id='word_1_828' title='bbox 1126 1758 1250 1790; x_wconf 58' lang='grc' dir='ltr'>Διττιὶιςδ</span> <span class='ocrx_word' id='word_1_829' title='bbox 1239 1758 1290 1796; x_wconf 88' lang='grc' dir='ltr'>α’ρα</span> <span class='ocrx_word' id='word_1_830' title='bbox 1308 1758 1405 1790; x_wconf 83' lang='grc' dir='ltr'>ταύτας</span> <span class='ocrx_word' id='word_1_831' title='bbox 1426 1756 1517 1790; x_wconf 87' lang='grc' dir='ltr'>ουσίας</span> <span class='ocrx_word' id='word_1_832' title='bbox 1538 1759 1581 1786; x_wconf 79' lang='grc' dir='ltr'>καὶ</span> <span class='ocrx_word' id='word_1_833' title='bbox 1603 1760 1697 1795; x_wconf 78' lang='grc' dir='ltr'>κρίσεις</span> <span class='ocrx_word' id='word_1_834' title='bbox 1714 1759 1761 1787; x_wconf 82' lang='grc' dir='ltr'>τοῦ</span> 
     </span>
     <span class='ocr_line' id='line_1_107' title="bbox 962 1798 1761 1838; baseline 0.001 -11"><span class='ocrx_word' id='word_1_835' title='bbox 962 1799 1078 1838; x_wconf 86' lang='grc' dir='ltr'>μεγαλου</span> <span class='ocrx_word' id='word_1_836' title='bbox 1095 1813 1138 1828; x_wconf 89' lang='grc' dir='ltr'>και</span> <span class='ocrx_word' id='word_1_837' title='bbox 1157 1801 1204 1828; x_wconf 79' lang='grc' dir='ltr'>τοῦ</span> <span class='ocrx_word' id='word_1_838' title='bbox 1222 1801 1331 1838; x_wconf 75' lang='grc' dir='ltr'>σμικροῦ</span> <span class='ocrx_word' id='word_1_839' title='bbox 1349 1803 1452 1833; x_wconf 80' lang='grc' dir='ltr'>θετέον,</span> <span class='ocrx_word' id='word_1_840' title='bbox 1472 1799 1523 1828; x_wconf 77' lang='grc' dir='ltr'>ἀλλ</span> <span class='ocrx_word' id='word_1_841' title='bbox 1544 1798 1600 1836; x_wconf 77' lang='grc' dir='ltr'>οὐχ,</span> <span class='ocrx_word' id='word_1_842' title='bbox 1616 1800 1650 1832; x_wconf 79' lang='grc' dir='ltr'>ὦς</span> <span class='ocrx_word' id='word_1_843' title='bbox 1665 1802 1761 1838; x_wconf 70' lang='grc' dir='ltr'>ἔφαμεν</span> 
     </span>
     <span class='ocr_line' id='line_1_108' title="bbox 965 1841 1759 1892; baseline 0.001 -22"><span class='ocrx_word' id='word_1_844' title='bbox 965 1842 1023 1880; x_wconf 74' lang='grc' dir='ltr'>ἄρτι</span> <span class='ocrx_word' id='word_1_845' title='bbox 1040 1842 1106 1880; x_wconf 84' lang='grc' dir='ltr'>πρὸς</span> <span class='ocrx_word' id='word_1_846' title='bbox 1125 1842 1219 1878; x_wconf 76' lang='grc' dir='ltr'>ἄλληλα</span> <span class='ocrx_word' id='word_1_847' title='bbox 1236 1842 1318 1880; x_wconf 83' lang='grc' dir='ltr'>μόνον</span> <span class='ocrx_word' id='word_1_848' title='bbox 1337 1844 1396 1875; x_wconf 88' lang='grc' dir='ltr'>δεῖν,</span> <span class='ocrx_word' id='word_1_849' title='bbox 1416 1841 1468 1871; x_wconf 71' lang='grc' dir='ltr'>ἀλλ’</span> <span class='ocrx_word' id='word_1_850' title='bbox 1488 1842 1570 1892; x_wconf 83' lang='grc' dir='ltr'>ω’ςπερ</span> <span class='ocrx_word' id='word_1_851' title='bbox 1592 1842 1638 1871; x_wconf 76' lang='grc' dir='ltr'>νῦν</span> <span class='ocrx_word' id='word_1_852' title='bbox 1654 1846 1759 1884; x_wconf 78' lang='grc' dir='ltr'>ειρηται,</span> 
     </span>
     <span class='ocr_line' id='line_1_109' title="bbox 963 1883 1762 1923; baseline 0.001 -11"><span class='ocrx_word' id='word_1_853' title='bbox 963 1885 1062 1922; x_wconf 74' lang='grc' dir='ltr'>μᾶλλον</span> <span class='ocrx_word' id='word_1_854' title='bbox 1079 1885 1124 1920; x_wconf 83' lang='grc' dir='ltr'>τὴν</span> <span class='ocrx_word' id='word_1_855' title='bbox 1139 1888 1186 1922; x_wconf 85' lang='grc' dir='ltr'>μὲν</span> <span class='ocrx_word' id='word_1_856' title='bbox 1203 1886 1270 1923; x_wconf 88' lang='grc' dir='ltr'>πρὸς</span> <span class='ocrx_word' id='word_1_857' title='bbox 1288 1884 1383 1921; x_wconf 70' lang='grc' dir='ltr'>ἄλληλα</span> <span class='ocrx_word' id='word_1_858' title='bbox 1401 1887 1514 1918; x_wconf 78' lang='grc' dir='ltr'>λεκτέον,</span> <span class='ocrx_word' id='word_1_859' title='bbox 1537 1885 1582 1920; x_wconf 87' lang='grc' dir='ltr'>τὴν</span> <span class='ocrx_word' id='word_1_860' title='bbox 1600 1883 1624 1912; x_wconf 81' lang='grc' dir='ltr'>δ</span> <span class='ocrx_word' id='word_1_861' title='bbox 1645 1885 1678 1913; x_wconf 80' lang='grc' dir='ltr'>αὖ</span> <span class='ocrx_word' id='word_1_862' title='bbox 1695 1885 1762 1923; x_wconf 86' lang='grc' dir='ltr'>πρὸς</span> 
     </span>
     <span class='ocr_line' id='line_1_110' title="bbox 963 1926 1760 1976; baseline 0 -21"><span class='ocrx_word' id='word_1_863' title='bbox 963 1927 993 1955; x_wconf 90' lang='grc' dir='ltr'>τὸ</span> <span class='ocrx_word' id='word_1_864' title='bbox 1011 1930 1122 1964; x_wconf 81' lang='grc' dir='ltr'>μέτριον.</span> <span class='ocrx_word' id='word_1_865' title='bbox 1151 1939 1182 1956; x_wconf 88' lang='grc' dir='ltr'>ου</span> <span class='ocrx_word' id='word_1_866' title='bbox 1201 1928 1255 1956; x_wconf 61' lang='grc' dir='ltr'>δὲε</span> <span class='ocrx_word' id='word_1_867' title='bbox 1245 1928 1325 1960; x_wconf 68' lang='grc' dir='ltr'>ἕνεκα,</span> <span class='ocrx_word' id='word_1_868' title='bbox 1346 1931 1447 1965; x_wconf 77' lang='grc' dir='ltr'>μαθειν</span> <span class='ocrx_word' id='word_1_869' title='bbox 1469 1926 1508 1964; x_wconf 75' lang='grc' dir='ltr'>ἄρ</span> <span class='ocrx_word' id='word_1_870' title='bbox 1530 1926 1561 1955; x_wconf 75' lang='grc' dir='ltr'>ἄν</span> <span class='ocrx_word' id='word_1_871' title='bbox 1583 1928 1760 1976; x_wconf 79' lang='grc' dir='ltr'>βουλοίμεθα,-</span> 
     </span>
     <span class='ocr_line' id='line_1_111' title="bbox 964 1969 1761 2007; baseline 0 -10"><span class='ocrx_word' id='word_1_872' title='bbox 964 1975 1014 1997; x_wconf 89' lang='grc' dir='ltr'>ΝΕ.</span> <span class='ocrx_word' id='word_1_873' title='bbox 1034 1975 1089 1997; x_wconf 87' lang='grc' dir='ltr'>ΣΩ.</span> <span class='ocrx_word' id='word_1_874' title='bbox 1109 1971 1141 1997; x_wconf 88' lang='grc' dir='ltr'>Τί</span> <span class='ocrx_word' id='word_1_875' title='bbox 1155 1969 1217 2006; x_wconf 64' lang='grc' dir='ltr'>μήν,</span> <span class='ocrx_word' id='word_1_876' title='bbox 1262 1976 1309 1998; x_wconf 88' lang='grc' dir='ltr'>ΞΕ.</span> <span class='ocrx_word' id='word_1_877' title='bbox 1329 1970 1360 1997; x_wconf 87' lang='grc' dir='ltr'>Εἰ</span> <span class='ocrx_word' id='word_1_878' title='bbox 1378 1969 1444 2007; x_wconf 87' lang='grc' dir='ltr'>πρὸς</span> <span class='ocrx_word' id='word_1_879' title='bbox 1459 1970 1567 2006; x_wconf 71' lang='grc' dir='ltr'>μηδὲν“</span> <span class='ocrx_word' id='word_1_880' title='bbox 1553 1981 1640 2007; x_wconf 84' lang='grc' dir='ltr'>ετερον</span> <span class='ocrx_word' id='word_1_881' title='bbox 1654 1970 1700 2005; x_wconf 85' lang='grc' dir='ltr'>τὴν</span> <span class='ocrx_word' id='word_1_882' title='bbox 1714 1970 1761 1998; x_wconf 78' lang='grc' dir='ltr'>τοῦ</span> 
     </span>
    </p>

    <p class='ocr_par' dir='ltr' id='par_1_15' title="bbox 963 2010 1762 2726">
     <span class='ocr_line' id='line_1_112' title="bbox 964 2010 1760 2062; baseline 0.001 -23.049"><span class='ocrx_word' id='word_1_883' title='bbox 964 2013 1117 2048; x_wconf 76' lang='grc' dir='ltr'>*μείζονος</span> <span class='ocrx_word' id='word_1_884' title='bbox 1143 2010 1214 2040; x_wconf 79' lang='grc' dir='ltr'>ἐάσει</span> <span class='ocrx_word' id='word_1_885' title='bbox 1240 2023 1276 2044; x_wconf 83' lang='grc' dir='ltr'>τις</span> <span class='ocrx_word' id='word_1_886' title='bbox 1303 2011 1382 2048; x_wconf 80' lang='grc' dir='ltr'>φύσιν</span> <span class='ocrx_word' id='word_1_887' title='bbox 1402 2011 1418 2047; x_wconf 87' lang='grc' dir='ltr'><em>ἢ</em></span> <span class='ocrx_word' id='word_1_888' title='bbox 1426 2012 1507 2062; x_wconf 64' lang='grc' dir='ltr'>ἵπρὸς</span> <span class='ocrx_word' id='word_1_889' title='bbox 1531 2010 1685 2044; x_wconf 80' lang='grc' dir='ltr'>τούλαττον,</span> <span class='ocrx_word' id='word_1_890' title='bbox 1714 2010 1760 2040; x_wconf 77' lang='grc' dir='ltr'>οὐκ</span> 
     </span>
     <span class='ocr_line' id='line_1_113' title="bbox 964 2053 1758 2105; baseline 0 -24"><span class='ocrx_word' id='word_1_891' title='bbox 964 2055 1038 2082; x_wconf 73' lang='grc' dir='ltr'>ἔσται</span> <span class='ocrx_word' id='word_1_892' title='bbox 1059 2056 1123 2082; x_wconf 88' lang='grc' dir='ltr'>ποτὲ</span> <span class='ocrx_word' id='word_1_893' title='bbox 1145 2054 1212 2091; x_wconf 87' lang='grc' dir='ltr'>πρὸς</span> <span class='ocrx_word' id='word_1_894' title='bbox 1232 2054 1262 2082; x_wconf 85' lang='grc' dir='ltr'>τὸ</span> <span class='ocrx_word' id='word_1_895' title='bbox 1283 2057 1394 2105; x_wconf 82' lang='grc' dir='ltr'>μέτριον.</span> <span class='ocrx_word' id='word_1_896' title='bbox 1420 2054 1436 2089; x_wconf 80' lang='grc' dir='ltr'>η’</span> <span class='ocrx_word' id='word_1_897' title='bbox 1452 2066 1518 2092; x_wconf 85' lang='grc' dir='ltr'>γαρ,-</span> <span class='ocrx_word' id='word_1_898' title='bbox 1560 2060 1612 2082; x_wconf 90' lang='grc' dir='ltr'>ΝΕ.</span> <span class='ocrx_word' id='word_1_899' title='bbox 1631 2059 1687 2081; x_wconf 91' lang='grc' dir='ltr'>ΣΩ.</span> <span class='ocrx_word' id='word_1_900' title='bbox 1708 2053 1758 2082; x_wconf 83' lang='grc' dir='ltr'>Οὕ-</span> 
     </span>
     <span class='ocr_line' id='line_1_114' title="bbox 963 2094 1759 2149; baseline 0 -25"><span class='ocrx_word' id='word_1_901' title='bbox 963 2107 1019 2127; x_wconf 87' lang='grc' dir='ltr'>τως.</span> <span class='ocrx_word' id='word_1_902' title='bbox 1063 2100 1112 2125; x_wconf 92' lang='grc' dir='ltr'>ΞΕ.</span> <span class='ocrx_word' id='word_1_903' title='bbox 1133 2094 1232 2125; x_wconf 77' lang='grc' dir='ltr'>Οὐκοῦν</span> <span class='ocrx_word' id='word_1_904' title='bbox 1249 2096 1295 2128; x_wconf 82' lang='grc' dir='ltr'>τὰς</span> <span class='ocrx_word' id='word_1_905' title='bbox 1312 2099 1401 2132; x_wconf 79' lang='grc' dir='ltr'>τέχνας</span> <span class='ocrx_word' id='word_1_906' title='bbox 1418 2108 1445 2125; x_wconf 80' lang='grc' dir='ltr'>τε</span> <span class='ocrx_word' id='word_1_907' title='bbox 1461 2094 1541 2128; x_wconf 71' lang='grc' dir='ltr'>αὐτὰς</span> <span class='ocrx_word' id='word_1_908' title='bbox 1555 2097 1598 2124; x_wconf 80' lang='grc' dir='ltr'>καὶ</span> <span class='ocrx_word' id='word_1_909' title='bbox 1612 2097 1696 2149; x_wconf 73' lang='grc' dir='ltr'>τᾶργα</span> <span class='ocrx_word' id='word_1_910' title='bbox 1712 2108 1759 2124; x_wconf 87' lang='grc' dir='ltr'>αυ-</span> 
     </span>
     <span class='ocr_line' id='line_1_115' title="bbox 964 2137 1761 2177; baseline -0.001 -11"><span class='ocrx_word' id='word_1_911' title='bbox 964 2138 1014 2166; x_wconf 84' lang='grc' dir='ltr'>τῶν</span> <span class='ocrx_word' id='word_1_912' title='bbox 1031 2137 1167 2175; x_wconf 84' lang='grc' dir='ltr'>ξύμπαντα</span> <span class='ocrx_word' id='word_1_913' title='bbox 1190 2138 1324 2175; x_wconf 81' lang='grc' dir='ltr'>διολοῦμεν</span> <span class='ocrx_word' id='word_1_914' title='bbox 1345 2137 1428 2176; x_wconf 80' lang='grc' dir='ltr'>τούτῳ</span> <span class='ocrx_word' id='word_1_915' title='bbox 1449 2138 1485 2176; x_wconf 77' lang='grc' dir='ltr'>τῷ</span> <span class='ocrx_word' id='word_1_916' title='bbox 1506 2137 1586 2177; x_wconf 80' lang='grc' dir='ltr'>λόγῳ,</span> <span class='ocrx_word' id='word_1_917' title='bbox 1609 2139 1653 2166; x_wconf 84' lang='grc' dir='ltr'>καὶ</span> <span class='ocrx_word' id='word_1_918' title='bbox 1671 2138 1700 2174; x_wconf 84' lang='grc' dir='ltr'>δὴ</span> <span class='ocrx_word' id='word_1_919' title='bbox 1718 2151 1761 2166; x_wconf 88' lang='grc' dir='ltr'>και</span> 
     </span>
     <span class='ocr_line' id='line_1_116' title="bbox 964 2180 1758 2219; baseline 0 -11"><span class='ocrx_word' id='word_1_920' title='bbox 964 2181 1009 2216; x_wconf 86' lang='grc' dir='ltr'>τὴν</span> <span class='ocrx_word' id='word_1_921' title='bbox 1027 2191 1148 2217; x_wconf 70' lang='grc' dir='ltr'>ητουμει</span> <span class='ocrx_word' id='word_1_922' title='bbox 1149 2193 1177 2216; x_wconf 89' lang='grc' dir='ltr'>ην</span> <span class='ocrx_word' id='word_1_923' title='bbox 1195 2181 1240 2209; x_wconf 77' lang='grc' dir='ltr'>νῦν</span> <span class='ocrx_word' id='word_1_924' title='bbox 1256 2180 1388 2216; x_wconf 81' lang='grc' dir='ltr'>πολιτικὴν</span> <span class='ocrx_word' id='word_1_925' title='bbox 1404 2193 1448 2209; x_wconf 88' lang='grc' dir='ltr'>και</span> <span class='ocrx_word' id='word_1_926' title='bbox 1465 2181 1510 2216; x_wconf 89' lang='grc' dir='ltr'>τὴν</span> <span class='ocrx_word' id='word_1_927' title='bbox 1527 2184 1659 2219; x_wconf 79' lang='grc' dir='ltr'>ῥηθεῖσαν</span> <span class='ocrx_word' id='word_1_928' title='bbox 1675 2193 1758 2217; x_wconf 89' lang='grc' dir='ltr'>υφαν-</span> 
     </span>
     <span class='ocr_line' id='line_1_117' title="bbox 964 2221 1759 2261; baseline 0.001 -11"><span class='ocrx_word' id='word_1_929' title='bbox 964 2222 1034 2258; x_wconf 88' lang='grc' dir='ltr'>τικὴν</span> <span class='ocrx_word' id='word_1_930' title='bbox 1061 2221 1232 2260; x_wconf 71' lang='grc' dir='ltr'>ἆφανιοῦμενς</span> <span class='ocrx_word' id='word_1_931' title='bbox 1260 2222 1363 2252; x_wconf 75' lang='grc' dir='ltr'>ἅπασαι</span> <span class='ocrx_word' id='word_1_932' title='bbox 1384 2223 1435 2261; x_wconf 78' lang='grc' dir='ltr'>γὰρ</span> <span class='ocrx_word' id='word_1_933' title='bbox 1462 2224 1490 2251; x_wconf 83' lang='grc' dir='ltr'>αἱ</span> <span class='ocrx_word' id='word_1_934' title='bbox 1515 2224 1635 2251; x_wconf 85' lang='grc' dir='ltr'>τοιαυταί</span> <span class='ocrx_word' id='word_1_935' title='bbox 1655 2235 1708 2251; x_wconf 89' lang='grc' dir='ltr'>που</span> <span class='ocrx_word' id='word_1_936' title='bbox 1729 2221 1759 2251; x_wconf 89' lang='grc' dir='ltr'>τὸ</span> 
     </span>
     <span class='ocr_line' id='line_1_118' title="bbox 964 2263 1761 2302; baseline -0.001 -9"><span class='ocrx_word' id='word_1_937' title='bbox 964 2265 1011 2294; x_wconf 85' lang='grc' dir='ltr'><strong>τοῦ</strong></span> <span class='ocrx_word' id='word_1_938' title='bbox 1027 2267 1133 2302; x_wconf 82' lang='grc' dir='ltr'>μετρίου</span> <span class='ocrx_word' id='word_1_939' title='bbox 1149 2267 1228 2294; x_wconf 83' lang='grc' dir='ltr'>πλέον</span> <span class='ocrx_word' id='word_1_940' title='bbox 1245 2278 1288 2293; x_wconf 86' lang='grc' dir='ltr'>και</span> <span class='ocrx_word' id='word_1_941' title='bbox 1307 2266 1413 2294; x_wconf 77' lang='grc' dir='ltr'>ἔλαττον</span> <span class='ocrx_word' id='word_1_942' title='bbox 1431 2277 1479 2300; x_wconf 84' lang='grc' dir='ltr'>ουχ</span> <span class='ocrx_word' id='word_1_943' title='bbox 1496 2263 1531 2296; x_wconf 81' lang='grc' dir='ltr'>ὦς</span> <span class='ocrx_word' id='word_1_944' title='bbox 1547 2263 1594 2294; x_wconf 81' lang='grc' dir='ltr'>οὐκ</span> <span class='ocrx_word' id='word_1_945' title='bbox 1613 2277 1643 2293; x_wconf 85' lang='grc' dir='ltr'>ον</span> <span class='ocrx_word' id='word_1_946' title='bbox 1659 2263 1710 2292; x_wconf 69' lang='grc' dir='ltr'>ἀλλ’</span> <span class='ocrx_word' id='word_1_947' title='bbox 1727 2263 1761 2296; x_wconf 80' lang='grc' dir='ltr'>ὦς</span> 
     </span>
     <span class='ocr_line' id='line_1_119' title="bbox 964 2306 1760 2360; baseline 0 -25"><span class='ocrx_word' id='word_1_948' title='bbox 964 2306 995 2335; x_wconf 84' lang='grc' dir='ltr'>ὂν</span> <span class='ocrx_word' id='word_1_949' title='bbox 1016 2308 1132 2342; x_wconf 82' lang='grc' dir='ltr'>χαλεπὸν</span> <span class='ocrx_word' id='word_1_950' title='bbox 1157 2319 1216 2345; x_wconf 85' lang='grc' dir='ltr'>περι</span> <span class='ocrx_word' id='word_1_951' title='bbox 1242 2307 1288 2339; x_wconf 78' lang='grc' dir='ltr'>τὰς</span> <span class='ocrx_word' id='word_1_952' title='bbox 1313 2307 1420 2345; x_wconf 68' lang='grc' dir='ltr'>πράξεις</span> <span class='ocrx_word' id='word_1_953' title='bbox 1444 2306 1690 2360; x_wconf 79' lang='grc' dir='ltr'>παραφυλαττουσι,</span> <span class='ocrx_word' id='word_1_954' title='bbox 1717 2308 1760 2335; x_wconf 80' lang='grc' dir='ltr'>καὶ</span> 
     </span>
     <span class='ocr_line' id='line_1_120' title="bbox 964 2347 1758 2398; baseline 0 -21"><span class='ocrx_word' id='word_1_955' title='bbox 964 2349 1047 2386; x_wconf 81' lang='grc' dir='ltr'>τούτῳ</span> <span class='ocrx_word' id='word_1_956' title='bbox 1065 2349 1094 2384; x_wconf 82' lang='grc' dir='ltr'>δὴ</span> <span class='ocrx_word' id='word_1_957' title='bbox 1112 2349 1148 2386; x_wconf 80' lang='grc' dir='ltr'>τῷ</span> <span class='ocrx_word' id='word_1_958' title='bbox 1165 2349 1253 2398; x_wconf 83' lang='grc' dir='ltr'>τρόπῳ</span> <span class='ocrx_word' id='word_1_959' title='bbox 1272 2350 1301 2378; x_wconf 83' lang='grc' dir='ltr'>τὸ</span> <span class='ocrx_word' id='word_1_960' title='bbox 1321 2356 1325 2370; x_wconf 83' lang='grc'><strong>“</strong></span> <span class='ocrx_word' id='word_1_961' title='bbox 1342 2353 1438 2387; x_wconf 83' lang='grc' dir='ltr'>μέτρον</span> <span class='ocrx_word' id='word_1_962' title='bbox 1455 2349 1586 2382; x_wconf 77' lang='grc' dir='ltr'>σώζουσαι</span> <span class='ocrx_word' id='word_1_963' title='bbox 1600 2347 1674 2377; x_wconf 74' lang='grc' dir='ltr'>πάντ’</span> <span class='ocrx_word' id='word_1_964' title='bbox 1692 2348 1758 2387; x_wconf 75' lang='grc' dir='ltr'>ἀγα-</span> 
     </span>
     <span class='ocr_line' id='line_1_121' title="bbox 965 2390 1760 2430; baseline 0 -11"><span class='ocrx_word' id='word_1_965' title='bbox 965 2391 1007 2419; x_wconf 78' lang='grc' dir='ltr'>θὰ</span> <span class='ocrx_word' id='word_1_966' title='bbox 1025 2404 1068 2419; x_wconf 82' lang='grc' dir='ltr'>και</span> <span class='ocrx_word' id='word_1_967' title='bbox 1086 2392 1151 2419; x_wconf 90' lang='grc' dir='ltr'>καλα</span> <span class='ocrx_word' id='word_1_968' title='bbox 1171 2390 1367 2430; x_wconf 75' lang='grc' dir='ltr'>ἀπεργαζονται.</span> <span class='ocrx_word' id='word_1_969' title='bbox 1411 2397 1461 2420; x_wconf 89' lang='grc' dir='ltr'>ΝΕ.</span> <span class='ocrx_word' id='word_1_970' title='bbox 1480 2397 1536 2420; x_wconf 85' lang='grc' dir='ltr'>ΣΩ.</span> <span class='ocrx_word' id='word_1_971' title='bbox 1556 2393 1588 2419; x_wconf 85' lang='grc' dir='ltr'>Τί</span> <span class='ocrx_word' id='word_1_972' title='bbox 1606 2391 1668 2429; x_wconf 68' lang='grc' dir='ltr'>μήν,</span> <span class='ocrx_word' id='word_1_973' title='bbox 1712 2397 1760 2420; x_wconf 86' lang='grc' dir='ltr'>ΞΕ.</span> 
     </span>
     <span class='ocr_line' id='line_1_122' title="bbox 968 2432 1760 2471; baseline 0 -9"><span class='ocrx_word' id='word_1_974' title='bbox 968 2432 1068 2462; x_wconf 71' lang='grc' dir='ltr'>Οὐκοῦν</span> <span class='ocrx_word' id='word_1_975' title='bbox 1085 2446 1116 2461; x_wconf 82' lang='grc' dir='ltr'>αν</span> <span class='ocrx_word' id='word_1_976' title='bbox 1134 2434 1179 2469; x_wconf 86' lang='grc' dir='ltr'>τὴν</span> <span class='ocrx_word' id='word_1_977' title='bbox 1195 2434 1327 2470; x_wconf 82' lang='grc' dir='ltr'>πολιτικὴν</span> <span class='ocrx_word' id='word_1_978' title='bbox 1349 2433 1527 2471; x_wconf 76' lang='grc' dir='ltr'>ἂφανίσωμεν,</span> <span class='ocrx_word' id='word_1_979' title='bbox 1551 2433 1653 2471; x_wconf 82' lang='grc' dir='ltr'>α’πορος</span> <span class='ocrx_word' id='word_1_980' title='bbox 1668 2432 1728 2470; x_wconf 81' lang='grc' dir='ltr'>ημῖν</span> <span class='ocrx_word' id='word_1_981' title='bbox 1745 2433 1760 2469; x_wconf 86' lang='grc' dir='ltr'>ἦ</span> 
     </span>
     <span class='ocr_line' id='line_1_123' title="bbox 963 2474 1759 2513; baseline 0.001 -10"><span class='ocrx_word' id='word_1_982' title='bbox 963 2475 1028 2513; x_wconf 78' lang='grc' dir='ltr'>μετὰ</span> <span class='ocrx_word' id='word_1_983' title='bbox 1056 2474 1124 2504; x_wconf 77' lang='grc' dir='ltr'>τοῦτ’</span> <span class='ocrx_word' id='word_1_984' title='bbox 1153 2478 1226 2505; x_wconf 77' lang='grc' dir='ltr'>ἔσται</span> <span class='ocrx_word' id='word_1_985' title='bbox 1258 2475 1358 2512; x_wconf 79' lang='grc' dir='ltr'>ζήτησις</span> <span class='ocrx_word' id='word_1_986' title='bbox 1383 2476 1427 2512; x_wconf 83' lang='grc' dir='ltr'>τῆς</span> <span class='ocrx_word' id='word_1_987' title='bbox 1453 2476 1583 2513; x_wconf 83' lang='grc' dir='ltr'>βασιλικῆς</span> <span class='ocrx_word' id='word_1_988' title='bbox 1609 2475 1759 2513; x_wconf 70' lang='grc' dir='ltr'>ἐπιστήμης,</span> 
     </span>
     <span class='ocr_line' id='line_1_124' title="bbox 1301 2514 1760 2556; baseline -0.004 -9"><span class='ocrx_word' id='word_1_989' title='bbox 1301 2525 1350 2547; x_wconf 89' lang='grc' dir='ltr'>ΞΕ.</span> <span class='ocrx_word' id='word_1_990' title='bbox 1368 2518 1489 2556; x_wconf 81' lang='grc' dir='ltr'>Πότερον</span> <span class='ocrx_word' id='word_1_991' title='bbox 1511 2514 1568 2551; x_wconf 70' lang='grc' dir='ltr'>οὖν,</span> <span class='ocrx_word' id='word_1_992' title='bbox 1591 2517 1716 2555; x_wconf 73' lang='grc' dir='ltr'>καθάπερ</span> <span class='ocrx_word' id='word_1_993' title='bbox 1735 2521 1760 2546; x_wconf 84' lang='grc' dir='ltr'>ἐν</span> 
     </span>
     <span class='ocr_line' id='line_1_125' title="bbox 966 2559 1760 2599; baseline 0 -11"><span class='ocrx_word' id='word_1_994' title='bbox 966 2560 1000 2597; x_wconf 79' lang='grc' dir='ltr'>τῷ</span> <span class='ocrx_word' id='word_1_995' title='bbox 1022 2561 1136 2597; x_wconf 78' lang='grc' dir='ltr'>σοφιστῇ</span> <span class='ocrx_word' id='word_1_996' title='bbox 1158 2560 1408 2599; x_wconf 76' lang='grc' dir='ltr'>προςηναγκοὶσαμεν</span> <span class='ocrx_word' id='word_1_997' title='bbox 1428 2559 1493 2589; x_wconf 77' lang='grc' dir='ltr'>εἶναι</span> <span class='ocrx_word' id='word_1_998' title='bbox 1515 2560 1545 2589; x_wconf 80' lang='grc' dir='ltr'>τὸ</span> <span class='ocrx_word' id='word_1_999' title='bbox 1565 2560 1600 2597; x_wconf 85' lang='grc' dir='ltr'>μὴ</span> <span class='ocrx_word' id='word_1_1000' title='bbox 1619 2559 1656 2592; x_wconf 79' lang='grc' dir='ltr'>ὅν,</span> <span class='ocrx_word' id='word_1_1001' title='bbox 1676 2560 1760 2595; x_wconf 80' lang='grc' dir='ltr'>ἐπειδὴ</span> 
     </span>
     <span class='ocr_line' id='line_1_126' title="bbox 965 2601 1760 2641; baseline 0.001 -11"><span class='ocrx_word' id='word_1_1002' title='bbox 965 2602 1031 2630; x_wconf 70' lang='grc' dir='ltr'>κατὰ</span> <span class='ocrx_word' id='word_1_1003' title='bbox 1050 2603 1127 2630; x_wconf 77' lang='grc' dir='ltr'>τοῦτο</span> <span class='ocrx_word' id='word_1_1004' title='bbox 1147 2604 1262 2641; x_wconf 78' lang='grc' dir='ltr'>διέφυγεν</span> <span class='ocrx_word' id='word_1_1005' title='bbox 1284 2602 1350 2641; x_wconf 85' lang='grc' dir='ltr'>ημᾶς</span> <span class='ocrx_word' id='word_1_1006' title='bbox 1373 2605 1387 2632; x_wconf 82' lang='grc' dir='ltr'>ο</span> <span class='ocrx_word' id='word_1_1007' title='bbox 1409 2603 1498 2641; x_wconf 81' lang='grc' dir='ltr'>λόγος,</span> <span class='ocrx_word' id='word_1_1008' title='bbox 1522 2601 1589 2631; x_wconf 88' lang='grc' dir='ltr'>ου’τω</span> <span class='ocrx_word' id='word_1_1009' title='bbox 1607 2615 1650 2629; x_wconf 84' lang='grc' dir='ltr'>και</span> <span class='ocrx_word' id='word_1_1010' title='bbox 1668 2602 1712 2630; x_wconf 76' lang='grc' dir='ltr'>νῦν</span> <span class='ocrx_word' id='word_1_1011' title='bbox 1728 2601 1760 2631; x_wconf 83' lang='grc' dir='ltr'>τὸ</span> 
     </span>
     <span class='ocr_line' id='line_1_127' title="bbox 964 2645 1758 2683; baseline 0 -12"><span class='ocrx_word' id='word_1_1012' title='bbox 964 2646 1043 2672; x_wconf 84' lang='grc' dir='ltr'>πλέον</span> <span class='ocrx_word' id='word_1_1013' title='bbox 1065 2645 1098 2672; x_wconf 84' lang='grc' dir='ltr'>αύ</span> <span class='ocrx_word' id='word_1_1014' title='bbox 1120 2646 1163 2673; x_wconf 80' lang='grc' dir='ltr'>καὶ</span> <span class='ocrx_word' id='word_1_1015' title='bbox 1185 2647 1291 2674; x_wconf 76' lang='grc' dir='ltr'>ἔλαττον</span> <span class='ocrx_word' id='word_1_1016' title='bbox 1310 2646 1422 2683; x_wconf 79' lang='grc' dir='ltr'>μετρητὰ</span> <span class='ocrx_word' id='word_1_1017' title='bbox 1449 2647 1694 2682; x_wconf 77' lang='grc' dir='ltr'>προςαναγκαστέον</span> <span class='ocrx_word' id='word_1_1018' title='bbox 1718 2645 1758 2682; x_wconf 88' lang='grc' dir='ltr'>γί-</span> 
     </span>
     <span class='ocr_line' id='line_1_128' title="bbox 964 2686 1762 2726; baseline 0 -12"><span class='ocrx_word' id='word_1_1019' title='bbox 964 2692 1080 2725; x_wconf 77' lang='grc' dir='ltr'>γνεσθαι</span> <span class='ocrx_word' id='word_1_1020' title='bbox 1096 2687 1132 2724; x_wconf 88' lang='grc' dir='ltr'>μὴ</span> <span class='ocrx_word' id='word_1_1021' title='bbox 1148 2688 1215 2726; x_wconf 85' lang='grc' dir='ltr'>πρὸς</span> <span class='ocrx_word' id='word_1_1022' title='bbox 1233 2687 1328 2724; x_wconf 82' lang='grc' dir='ltr'>α’λληλα</span> <span class='ocrx_word' id='word_1_1023' title='bbox 1344 2687 1427 2725; x_wconf 84' lang='grc' dir='ltr'>μόνον</span> <span class='ocrx_word' id='word_1_1024' title='bbox 1449 2686 1513 2714; x_wconf 74' lang='grc' dir='ltr'>ἀλλὰ</span> <span class='ocrx_word' id='word_1_1025' title='bbox 1535 2688 1577 2714; x_wconf 81' lang='grc' dir='ltr'>καὶ</span> <span class='ocrx_word' id='word_1_1026' title='bbox 1601 2686 1666 2724; x_wconf 82' lang='grc' dir='ltr'>πρὸς</span> <span class='ocrx_word' id='word_1_1027' title='bbox 1690 2694 1693 2707; x_wconf 85' lang='grc'><em>·</em></span> <span class='ocrx_word' id='word_1_1028' title='bbox 1717 2686 1762 2722; x_wconf 79' lang='grc' dir='ltr'>την</span> 
     </span>
    </p>

    <p class='ocr_par' dir='ltr' id='par_1_16' title="bbox 1435 2737 1488 2759">
     <span class='ocr_line' id='line_1_129' title="bbox 1435 2737 1488 2759; baseline 0 0"><span class='ocrx_word' id='word_1_1029' title='bbox 1435 2737 1488 2759; x_wconf 60' lang='lat'>35*</span> 
     </span>
    </p>
   </div>
   <div class='ocr_carea' id='block_1_15' title="bbox 966 1292 1166 1330">
    <p class='ocr_par' dir='ltr' id='par_1_17' title="bbox 966 1292 1166 1330">
     <span class='ocr_line' id='line_1_130' title="bbox 966 1292 1166 1330; baseline 0.005 -10"><span class='ocrx_word' id='word_1_1030' title='bbox 966 1294 1089 1330; x_wconf 77' lang='grc' dir='ltr'>διαίρεσιν</span> <span class='ocrx_word' id='word_1_1031' title='bbox 1106 1292 1166 1330; x_wconf 80' lang='grc' dir='ltr'>ὅπῃ.</span> 
     </span>
    </p>
   </div>
   <div class='ocr_carea' id='block_1_16' title="bbox 1786 2016 1821 2034">
    <p class='ocr_par' dir='ltr' id='par_1_18' title="bbox 1786 2016 1821 2034">
     <span class='ocr_line' id='line_1_131' title="bbox 1786 2016 1821 2034; baseline 0 0"><span class='ocrx_word' id='word_1_1032' title='bbox 1786 2016 1821 2034; x_wconf 71' lang='lat'>284</span> 
     </span>
    </p>
   </div>
  </div>
 </body>
</html>
