1998 3084
56 1222 91 1240 ⁶57

594 165 652 190 DE
695 164 1027 190 REPUBLICA
1068 165 1168 191 LIB.

120 244 181 276 τοὺς
199 246 225 273 δὲ
242 243 307 280 πλὴν
321 255 502 281 χρηματισμου
519 242 570 271 τῶν
589 241 670 271 α’λλων
687 242 851 281 ἠμεληκότας,
870 244 913 271 καὶ

121 286 195 316 οὐδὲν
220 289 297 315 πλείω
324 288 464 326 ἐπιμέλειαν
482 288 675 322 -πεποιημέιους
701 284 791 324 ἀρετῆς
816 285 831 321 ἢ
853 285 914 317 τοὺς

119 331 241 364 πένηταςς
262 327 298 357 Οὐ
315 327 366 366 γὰρ
384 328 438 355 οὖν,
463 327 534 355 Ουτω
553 327 582 377 δη
597 331 835 366 παρεσκευασμένοι
851 328 914 356 ὅταν

119 370 321 423 παραβάλλωσιν
339 368 454 404 ἀλλήλοις
472 381 496 397 οι
514 381 540 397 τε
560 368 682 406 ἄρχοντες
698 371 741 398 καί
757 371 783 398 οῖ
799 368 910 408 ἀρχόμε-

121 425 160 441 νοι
176 412 192 448 ἢ
210 416 236 440 ὲν
254 411 321 440 ὁδῶν
336 413 454 448 πορείαις
469 410 485 446 ἦ
504 414 530 439 ἐν
548 410 636 443 ἄλλαις
652 413 705 440 τισὶ
722 413 874 445 κοινωνίαις,
897 410 913 448 ἦ

120 454 186 482 κατὰ
204 455 319 491 θεωρίας
334 452 350 488 ἢ
368 453 435 481 κατὰ
447 453 622 505 στρατείας,
612 453 627 489 η“
643 453 753 491 ξυμπλοι
767 453 913 492 γιγνόμενοι

119 495 134 531 ἢ
152 495 353 534 συστρατιῶται,
375 494 392 530 ἢ
412 495 455 523 καὶ
478 498 504 523 ἐν
522 493 611 527 αὐτοῖς
627 499 683 527 τοῖς
699 496 823 527 κινδύνοις
842 502 846 516 ¹
867 494 912 523 ἀλ-

119 537 210 574 λήλους
227 537 356 575 θεώμενοι
372 537 477 574 μηδαμῇ
495 549 576 574 ταυτη
594 539 808 576 καταφρονῶνται
826 539 852 566 οἶ
866 540 912 566 πέ-

119 591 190 616 νητες
210 579 262 608 ὑπὸ
285 580 335 607 τῶν
355 581 498 612 πλουσίων,
522 578 586 607 ἀλλὰ
604 579 726 627 πολλάκις
744 579 833 615 ἰσχνὸς
850 578 913 617 ἀνὴρ

118 625 201 658 πένης,
212 620 355 659 ἡλιωμένος,
370 623 557 673 παραταχθεὶς
570 626 596 650 ἐν
608 635 679 659 μαχῃ
694 624 809 659 πλουσίω
825 626 912 650 ἐσκια-

118 663 269 702 τροφηκότι,
296 663 395 695 πολλας
417 665 499 699 ἔχοντι
521 663 621 702 σάρκας
642 663 799 717 αλλοτρίας,
816 665 857 701 ι’δῃ
881 662 912 691 α’-

119 705 243 744 σθματός
264 717 291 734 τε
313 707 356 733 καὶ
379 704 491 743 ἀπορίας
510 705 619 742 μεστόν,
643 705 682 744 ἄρ’
704 709 751 734 οἰὲι
769 704 848 734 αὐτὸν
867 704 914 740 οὐχ

118 747 245 787 ἧγεῖσθαι
265 750 340 783 κακίᾳ
362 748 393 785 τῆ
416 750 527 785 σφετέρᾳ
548 751 668 776 πλουτεῖν
689 759 750 779 τους
771 747 912 779 τοιούτους,

118 803 162 819 και
180 789 257 818 ὄίλλον
276 789 342 817 ὂίλλω
359 793 552 843 παραγγέλλειν,
572 791 636 819 ὅταν
653 790 703 831 ἷδίᾳ
722 792 912 841 ξυγγίγνωνται,

119 832 158 861 ὅτι
181 831 269 870 ἄνδρες
290 831 407 882 ἡμέτεροι
431 838 434 852 ¹
458 832 523 860 εἰσιν
546 830 631 866 οὗδένς
659 832 699 860 Εὖ
719 830 777 861 οἶδα
793 834 841 869 μὲν
859 844 912 863 ow,

119 876 173 912 ἔφη,
194 876 284 913 ἔγωγε,
303 874 343 903 ὅτι
361 873 428 902 ου’τω
445 875 575 903 ποιοῦσιν.
621 872 720 903 Οὐκοῦν
737 873 819 912 ὥςπερ
838 874 913 910 σῶμα

117 917 230 948 νοσῶδες
253 917 345 955 μικρᾶς
370 917 452 955 ροπῆς
478 918 578 948 ἔξωθεν
604 917 684 944 δεῖται
715 916 914 953 προςλαβίσθαι

117 959 183 997 πρὸς
200 958 229 987 τὸ
248 958 362 997 κάμνειν,
387 961 465 987 ἐνίοτε
483 960 511 986 δὲ
527 959 571 986 καὶ
590 957 649 986 ἄνευ
666 958 717 986 τῶν
735 960 782 990 ἔξω
800 956 911 986 στασιά-

117 1004 151 1034 ζει
169 1000 232 1030 αὖτὸ
252 1000 327 1038 αὖτῷ,
347 1000 413 1029 οὕτω
432 1001 462 1036 δὴ
479 1001 523 1028 καὶ
538 999 554 1035 ἦ
571 1000 638 1028 κατὰ
655 999 738 1028 ταύτὰ
757 1002 840 1037 ἐκείνῳ
856 1001 911 1027 δια-

118 1046 215 1081 κειμένη
236 1043 310 1074 πόλις
333 1041 386 1071 ἀπὸ
410 1043 518 1080 σμικρᾶς
535 1041 705 1080 προφάσεως,
729 1043 829 1074 ἔξωθεν
847 1045 911 1070 ἐπα-

117 1088 232 1125 γομένων
249 1085 264 1121 ἢ
283 1085 333 1113 τῶν
350 1087 440 1122 ἑτέρων
459 1087 485 1116 ἐξ
503 1083 718 1123 ὀλιγαρχουμένης
732 1083 831 1118 πόλεως
849 1086 911 1123 ξυμ-

116 1130 213 1168 μαχίαν
229 1143 244 1165 η
262 1128 312 1158 τῶν
329 1129 420 1167 ἑτέρων
436 1130 461 1157 ἐκ
476 1128 722 1182 δημοκρατουμένης,
741 1132 815 1158 νοσεῖ
828 1141 855 1157 τε
870 1129 914 1156 καῖ

119 1171 182 1208 αὐτὴ
201 1171 266 1209 αὖτῇ
282 1183 405 1210 μαχεται,
430 1174 510 1200 ἐνίοτε
528 1173 555 1200 δὲ
573 1173 615 1200 καὶ
634 1170 694 1200 t't'wu
711 1171 762 1200 τῶν
780 1172 828 1203 ἐξω
846 1183 911 1200 στα·-

118 1214 210 1248 σιαζεις
229 1219 242 1232 *
258 1215 314 1242 Και
332 1213 436 1252 σφόδρα
453 1226 491 1252 γε.
531 1216 698 1252 Δημοκρατία
717 1213 755 1250 δη,
774 1218 854 1251 οἶμαι,
871 1215 912 1252 γί-

116 1269 214 1296 γ-νεται,
240 1256 304 1285 ὅταν
321 1258 348 1285 οἱ
364 1259 468 1292 πένητες
485 1255 633 1292 νικήσαντες
650 1256 710 1288 τοὺς
725 1258 773 1294 μὲν
791 1256 911 1284 ἀποκτεί-

117 1312 180 1329 νωσι
197 1299 248 1328 τῶν
264 1301 362 1337 ἑτέρων,
381 1298 442 1330 τοὺς
460 1300 487 1327 δὲ
505 1297 638 1336 ἐκβάλωσι,
656 1302 712 1330 τοῖς
729 1299 755 1326 δὲ
770 1301 872 1330 λοιποῖς
887 1300 914 1330 ἐξ

117 1345 178 1371 ἴσου
192 1341 324 1379 μεταδῶσι
340 1343 471 1373 πολιτείας
487 1353 514 1369 τε
531 1342 575 1369 καὶ
593 1339 689 1379 ἆρχῶν
708 1342 752 1369 καὶ
766 1340 800 1372 ὦς
814 1340 845 1369 τὸ
859 1352 912 1369 πο-

117 1384 147 1413 λὺ
165 1383 218 1412 απὸ
230 1383 333 1433 κληρων
352 1384 380 1412 αἶ
398 1382 476 1421 ἀρχαὶ
494 1387 519 1411 ἐν
534 1381 599 1421 αὐτῇ
613 1385 753 1422 γίγνονται.
767 1382 839 1412 Ἔστι
852 1381 912 1421 γάρ,

118 1428 178 1464 ἔφη,
201 1426 265 1462 αὕτη
282 1439 298 1462 η
315 1425 476 1457 κατάστασις
494 1427 677 1478 δημοκρατίας,
701 1425 746 1454 ἐαν
767 1437 794 1454 τε
815 1438 859 1453 και
881 1422 911 1452 δι

118 1468 204 1497 ὅπλων
223 1471 337 1507 γένηται,
365 1467 410 1497 ἐαν
430 1480 458 1496 τε
479 1481 523 1496 και
544 1468 586 1496 διὰ
607 1467 693 1504 φόβον
713 1466 914 1500 ὖπεξελθόντων

116 1511 168 1540 τῶν
184 1513 282 1549 ἑτέρων.
326 1517 369 1539 XI.
389 1512 452 1539 Τίνα
470 1510 500 1546 δὴ
519 1523 572 1543 ουν,
590 1511 621 1545 ἦν
639 1508 663 1537 δ’
681 1509 765 1551 ἐγω,
758 1511 831 1539 οὗτοι
850 1508 911 1547 τρό-

117 1566 169 1582 πον
189 1553 303 1587 οἶκοῦσις
329 1553 373 1581 καὶ
393 1554 458 1582 ποία
480 1564 518 1584 τις
538 1551 553 1588 ἦ
576 1551 682 1588 τοιαύτη
705 1559 709 1574 ¹
733 1553 766 1581 αὖ
782 1553 912 1585 πολιτείας

118 1596 194 1632 δῆλον
209 1595 269 1635 γάρ,
289 1594 329 1624 ὅτι
346 1594 360 1624 ὅ
379 1595 498 1627 τοιοῦτος
516 1593 578 1633 ἀνὴρ
595 1594 780 1633 δημοκρατικός
795 1606 832 1626 τις
847 1593 911 1622 ἂνα-

116 1637 266 1676 φανήσεται.
299 1638 391 1674 Δῆλον,
412 1639 466 1675 ἔφη.
496 1636 595 1666 Οὐκοῦν
612 1637 717 1675 πρῶτον
732 1640 779 1674 μὲν
797 1637 826 1673 δὴ
843 1635 911 1664 ἐλεύ-

117 1684 207 1718 θεροι,
233 1681 277 1709 καὶ
299 1682 448 1717 ἐλευθερίας
469 1678 483 1715 ἦ
504 1679 579 1711 πόλις
598 1680 679 1717 μεστὴ
702 1680 745 1708 καὶ
766 1681 914 1718 παρρησίας

116 1725 241 1762 γίγνεται,
263 1735 307 1751 και
329 1725 434 1755 ἐξουσία
457 1726 482 1750 ἐν
505 1721 569 1759 αὐτῇ
591 1725 676 1750 ποιεῖν
693 1721 709 1751 ὅ
726 1724 750 1750 τί
766 1733 804 1753 τις
822 1721 911 1758 βούλε-

116 1778 170 1799 ταις
188 1767 300 1804 Λέγεταί
315 1776 344 1803 γε
363 1764 428 1800 δή,’
420 1767 474 1801 ἔφη
513 1764 596 1793 Ὅπου
614 1765 641 1792 δέ
656 1776 686 1803 γε
704 1766 817 1797 ἐξουσία,
837 1764 914 1800 δῆλον

117 1807 157 1836 ὅτι
179 1808 246 1836 ἰδίαν
268 1808 376 1838 ἕκαστος
399 1805 430 1835 ἂν
447 1806 607 1841 κατασκευὴν
624 1807 671 1835 τοῦ
690 1805 770 1835 αὑτοῦ
789 1807 847 1844 βίου
864 1819 911 1834 κα-

116 1849 299 1883 τασκευαζοιτο
318 1853 344 1878 ἐν
362 1847 439 1887 αὐτῇ,
461 1848 515 1885 ἥτις
533 1850 642 1877 ἕκαστον
661 1847 773 1887 ἀρέσκοι.
818 1848 912 1885 Δῆλον.

116 1893 291 1921 Παντοδαποὶ
308 1891 338 1928 δὴ
357 1891 395 1925 ὄίν,
415 1890 494 1929 οἶμαι,
514 1895 540 1920 ἐν
557 1891 638 1929 ταύτῃ
658 1898 661 1912 ¹
682 1893 712 1929 τῇ
729 1893 845 1927 πολιτείᾳ
858 1890 911 1928 μά-

116 1932 178 1963 λιστ’
196 1936 352 1984 ἐγγίγνοιντο
371 1933 519 1972 α’νθρωποι.
545 1934 610 1965 Πῶς
625 1933 677 1972 γὰρ
695 1946 740 1967 ους
757 1932 912 1983 Κινδυνεύει,

115 1978 146 2013 ἠν
163 1975 186 2005 δ’
204 1976 265 2016 ἐγω,
288 1978 408 2012 καλλίστη
427 1975 491 2012 αὕτη
508 1976 559 2005 τῶν
575 1976 710 2004 πολιτειῶν
727 1974 802 2004 εἶναι·
830 1975 913 2013 ὥςπερ

117 2019 219 2057 ἱματιον
240 2021 356 2047 ποικίλον
377 2018 460 2047 πᾶσιν
486 2017 584 2047 α’νθεσι
609 2021 817 2056 πεποικιλμένον,
845 2017 912 2047 οὕτω

116 2062 160 2090 καὶ
181 2073 244 2098 αντη
265 2061 346 2090 πᾶσιν
364 2060 446 2098 ἤθεσι
462 2064 642 2098 πεποικιλμένη
659 2063 781 2097 καλλίστη
800 2059 832 2088 ἆν
848 2062 910 2097 φαί-

116 2116 194 2133 νοιτο.
221 2105 264 2132 καὶ
282 2107 344 2135 ἶσως
359 2106 416 2141 μέν,
434 2104 465 2140 ἦν
482 2102 505 2131 δ’
523 2102 585 2142 ἐγώ,
603 2116 647 2131 και
663 2116 767 2138 ταυτην,
786 2102 868 2140 ὥςπερ
887 2103 914 2131 οἱ

116 2147 205 2177 παῖδές
221 2158 248 2174 τε
266 2159 309 2174 και
327 2147 355 2174 αῖ
370 2149 489 2185 γυναῖκες
502 2146 535 2174 τὰ
550 2147 653 2175 ποικίλα
669 2145 840 2183 θεωμενοι,κ
826 2147 911 2173 καλλί-

118 2200 181 2224 στην
199 2187 231 2217 ἄν
247 2189 341 2217 πολλοὶ
357 2190 475 2230 κρίνειαν.
518 2189 573 2216 Καὶ
589 2187 658 2226 μοίλ,
682 2190 736 2225 ἔφη.
780 2188 836 2216 Και
859 2189 913 2216 ἔστι

117 2243 159 2270 γε,
177 2231 197 2259 ὦ
213 2230 335 2269 μακάριε,
354 2231 385 2266 ἠν
404 2237 407 2251 ¹
427 2229 451 2258 δ
469 2229 525 2269 ἐγω,
546 2229 687 2266 ἐπιτήδειον
705 2233 785 2266 ζητεῖν
803 2234 829 2259 ἐν
847 2228 912 2267 αυτῇ

116 2274 253 2302 πολιτείαν.
287 2275 319 2301 Τί
335 2272 378 2308 δής
402 2272 456 2301 Ὀτι
473 2285 560 2301 παντα
576 2275 636 2312 γένη
654 2273 814 2301 πολιτειῶν’
806 2274 856 2308 ε’χει
871 2272 913 2300 διὰ

117 2314 162 2351 τὴν
183 2317 315 2348 ἐξουσίαν,
337 2316 381 2343 καὶ
402 2315 537 2343 κινδυνεύει
554 2315 589 2353 τῷ
607 2316 752 2353 βουλομένῳ
770 2314 847 2343 πόλιν
863 2327 910 2343 κα-

117 2357 286 2391 τασκευαζειν,
306 2356 322 2386 ὅ
336 2357 381 2386 νῦν
397 2356 453 2393 δὴ
441 2360 512 2394 ημεῖς
526 2357 671 2395 ἐποιοῦμεν,
691 2356 834 2396 ἀναγκαῖον
849 2356 914 2386 εἶναι

117 2400 153 2431 εἲς
170 2401 408 2438 δημοκρατουμένην
426 2398 533 2428 ελθόντι
549 2398 637 2432 πόλιν,
656 2398 686 2431 ὃς
703 2399 736 2428 ἄν
753 2398 834 2429 αὐτὸν
852 2398 911 2438 ἀρέ-

118 2454 166 2479 σκη
184 2441 293 2480 τρόπος,
312 2454 406 2470 τουτον
424 2444 594 2474 ἐκλεξασθαι,
616 2441 699 2480 ω’ςπερ
717 2443 754 2474 εἶς
769 2441 911 2470 παντοπώ-

117 2487 172 2513 λιον
190 2483 334 2522 αφικομένῳ
351 2484 493 2517 πολιτειῶν,
511 2485 556 2512 καὶ
571 2486 724 2533 ἐκλεξαμένῳ
740 2483 807 2513 οὕτω
822 2497 911 2513 κατοι-

118 2528 197 2559 κίζειν.
219 2525 294 2558 Ἴσως
310 2539 382 2565 γουν,
402 2527 457 2563 ἔφη,
477 2524 523 2555 οὐκ
542 2525 574 2554 ἂν
592 2524 691 2564 ἀποροῖ
709 2533 713 2547 ¹
731 2526 911 2566 παραδειγμά-

117 2580 175 2618 των.
220 2568 256 2596 Τὸ
276 2569 302 2596 δὲ
318 2569 442 2606 μηδεμίαν
461 2581 582 2609 αναγκην,
600 2566 681 2602 εἷπον,
700 2566 795 2597 εἶναι)
783 2569 870 2608 α’ρχειν
888 2572 914 2597 ἐν

117 2609 198 2648 ταύτῃ
219 2610 251 2648 τῇ
272 2609 357 2642 πόλει,
378 2609 439 2648 μηδ’
461 2623 493 2639 αν
513 2611 545 2648 ᾑς
566 2610 654 2642 ἱκανὸς
675 2609 773 2649 α’ρχειν,
794 2613 858 2650 μηδὲ
881 2623 914 2639 αν

120 2651 264 2691 αρχεσθαι,
283 2652 328 2680 ἐὰν
343 2652 377 2690 μὴ
396 2652 487 2690 βουλη,
505 2653 568 2689 μηδὲ
585 2655 635 2681 ποί.
640 2656 707 2689 μεῖν
723 2653 912 2692 πολεμουντων,

116 2695 180 2733 μηδὲ
201 2693 301 2733 εἰρήνην
323 2693 393 2734 ἄγειν
416 2696 464 2723 τῶν
487 2694 568 2723 ἄλλων
591 2693 718 2733 ἀγόντων,
742 2696 787 2725 ἐὰν
801 2696 838 2734 μὴ
856 2700 912 2724 ἐπι·

1212 166 1288 191 V111.
1713 166 1760 190 363

967 244 1053 281 θυμῇς
1070 243 1216 281 εἷρηνης,μ
1197 243 1257 281 μηδ’
1275 239 1316 278 αὖ,
1335 243 1380 273 ἐαν
1397 256 1434 276 τις
1452 243 1538 283 ὂίρχειν
1555 243 1634 282 νόμος
1652 256 1681 273 σε
1700 246 1756 272 δια-

963 286 1046 323 κωλυη
1065 286 1079 321 ἢ
1088 286 1211 335 ἰδικοιζειν,
1228 288 1335 324 μηδὲν
1323 299 1410 337 ηττον
1418 300 1461 314 και
1480 287 1565 324 ἁρχειν
1583 288 1625 314 καὶ
1644 286 1757 319 δικαζειι,

964 328 1008 356 ἐὰν
1031 326 1099 365 αυτῷ
1122 341 1166 356 σοι
1188 330 1258 366 ἐπίη,
1286 333 1299 347 *
1322 327 1361 367 αρ’
1383 328 1413 357 οὐ
1436 331 1569 358 θεσπεσία
1590 330 1632 357 καὶ
1654 328 1755 364 ἡδεῖα
1744 342 1759 364 η

963 382 1069 406 τοιαυτη
1088 370 1200 408 διαγωγὴ
1219 375 1244 399 ἐν
1261 371 1297 408 τῷ
1314 373 1473 409 παραυτίκα,·
1496 370 1581 403 Ὶσως,
1605 373 1664 407 ἔφη,
1687 372 1713 399 ἐν
1729 383 1758 409 γε

964 424 1055 449 τουτῳ.
1100 415 1132 440 Τί
1149 413 1187 445 155¹,-
1209 411 1224 447 ἦ
1242 412 1358 450 πραότης
1376 415 1446 441 ἐνίων
1464 413 1514 441 τῶν
1532 415 1710 441 δικασθέντων
1728 426 1759 441 ου

964 453 1065 492 κομψή,·
1092 453 1107 490 ἢ
1126 453 1199 482 ου’πω
1217 453 1280 486 εἶδες
1298 458 1324 483 ἐν
1341 467 1449 492 τοιαυτῃ
1466 457 1589 491 πολιτεία,
1609 453 1759 497 ἀνθρώπων

964 499 1169 534 καταψηφισθέτ
1171 508 1220 524 των
1238 495 1389 525 θανᾶτου
1379 496 1393 532 ηΙ
1411 498 1504 535 φυγῆς,
1523 496 1626 526 οὐδὲν
1614 510 1692 532 ηττον
1710 509 1756 525 αυ-

964 538 1015 566 τῶν
1030 538 1159 575 μειόντων
1177 550 1203 566 τε
1220 551 1264 566 και
1282 537 1513 576 αναστρεφομένων
1531 544 1557 567 έν
1570 542 1648 576 μέσῳ,
1667 552 1710 567 και
1725 538 1758 570 ὦς

965 579 1024 608 οὔτε
1051 582 1232 617 φροντίζοντος
1258 579 1317 608 οὔτε
1344 580 1457 618 ὁρῶντος
1483 580 1588 612 οὐδενὸς
1612 585 1760 619 περινοστεῖ

964 622 1046 659 ὥςπερ
1068 621 1146 659 77qu,-
1172 623 1228 649 Καὶ
1245 621 1357 653 πολλούς
1372 621 1406 660 γ’,
1430 624 1484 659 ἔφη.
1527 623 1561 650 ‘H
1577 624 1603 651 δὲ
1622 623 1758 662 συγγνώμη

964 665 1006 692 καὶ
1025 662 1081 692 οὐδ’
1100 662 1266 715 1ῖὸπωςιίοὗν
1284 667 1453 702 σμικρολογία
1476 663 1564 700 αὐτῆς,
1589 664 1653 693 ἀλλὰ
1675 678 1755 694 κατα-

963 705 1089 743 φρόνησις
1106 707 1142 733 ὠν
1158 706 1229 742 ἡμεῖς
1236 708 1365 756 ἐλέγομεν
1383 705 1560 743 σεμνύνοντες,
1584 706 1626 735 ὅτε
1644 707 1689 743 τὴν
1705 707 1756 736 πό-

964 750 1002 775 λιν
1020 746 1151 785 ᾠκίζομεν,
1170 746 1204 779 ὡς
1220 748 1244 776 εἰ
1259 747 1294 785 μή
1312 759 1349 779 τις
1365 747 1582 786 ὑπερβεβλημένην
1599 749 1678 785 φύσιν
1697 751 1757 784 ἔχοι,

965 788 1054 818 ου’ποτ
1073 802 1105 817 ιιι
1120 792 1221 828 γένοιτο
1241 788 1304 828 ανὴρ
1323 789 1438 829 ἁγαθός,
1458 791 1480 818 εί
1496 790 1531 828 μὴ
1549 795 1611 822 παῖς
1628 803 1663 819 ων
1677 790 1760 840 ευθυς

963 834 1050 864 παίζοι
1068 835 1093 860 ἐν
1110 835 1199 863 καλοῖς
1215 845 1259 860 και
1277 831 1418 868 ἐπιτηδεύοι
1436 832 1468 860 τὰ
1487 832 1596 861 τοιαῦτα
1613 846 1708 866 παντα,
1727 833 1761 865 ὦς

963 886 1011 912 ¹¹⁸2
1014 875 1166 912 αλοπρεπώς
1180 873 1379 910 καταπατησασ’
1397 873 1488 903 ἅπαντ’
1506 874 1572 903 αὐτα
1588 874 1663 903 ουδὲν
1676 888 1755 913 φρον-

964 918 1029 949 ἰἶζδιι
1047 919 1074 948 ἕξ
1092 915 1190 944 ῦπθῖων
1208 915 1240 945 ἂν
1256 928 1294 948 τις
1312 916 1515 956 ἀτιτηδευματων
1534 919 1575 947 ἐπι
1593 930 1625 947 τοι
1641 918 1759 947 πολιτικὰ

964 958 1010 986 ἰὼν
1027 970 1136 996 πραττη,
1156 956 1221 986 ἀλλὰ
1238 959 1306 997 τιμᾶ,
1326 961 1370 989 ἐὰν
1387 962 1424 999 φῇ
1440 961 1522 999 μόνον
1539 973 1628 993 ευνους
1646 960 1710 990 εἶναι
1725 962 1759 999 τῷ

966 1006 969 1020 Ι
997 999 1101 1036 πληθει.
1145 1000 1222 1031 Ποῖνυ
1248 1016 1281 1041 γ,
1309 1005 1368 1039 ἔφη,
1394 1006 1506 1042 γενναία.
1551 1003 1641 1032 Ταῦτοί
1667 1017 1694 1032 τε
1722 1003 1759 1039 δη,

966 1043 1039 1078 ἔφην,
1068 1044 1121 1080 ἔχοι
1144 1042 1175 1072 ἂν
1196 1046 1239 1073 καὶ
1260 1045 1358 1074 τούτων
1381 1045 1444 1073 ἄλλα
1468 1045 1566 1083 ἀδελφὰ
1593 1047 1759 1084 δημοκρατία,

963 1086 1008 1114 καὶ
1025 1089 1063 1122 εἴη
1082 1086 1125 1119 α’ν,
1144 1085 1178 1118 ὦς
1196 1088 1283 1120 ἔοικεν,
1302 1086 1374 1123 ἡδεῖα
1392 1090 1507 1116 πολιτεία
1526 1089 1569 1116 καί
1588 1087 1700 1126 ἄναρχος
1717 1089 1761 1116 καὶ

964 1131 1073 1164 ποικίλη,
1092 1128 1201 1164 ισότητοῖ
1219 1142 1275 1157 τινα
1294 1128 1389 1167 ὁμοίως
1406 1133 1473 1162 ἶσοις
1487 1143 1514 1159 τε
1529 1131 1573 1159 καὶ
1588 1129 1687 1162 ανίσοις
1702 1132 1758 1159 δια-

964 1174 1086 1212 νέμουσα.
1113 1172 1169 1199 Καὶ
1185 1170 1253 1208 μαλ,
1273 1184 1328 1208 εφη,
1346 1185 1462 1210 γιωριμα
1480 1175 1564 1211 λε’γεις.
1598 1179 1652 1201 ΧΠ.
1667 1172 1760 1211 Ἀθρει

965 1213 1002 1249 δη,
1020 1214 1050 1249 ἦν
1068 1211 1092 1241 δ’
1110 1213 1167 1252 ἐγώ,
1185 1216 1222 1245 τίς
1240 1213 1254 1242 ὁ
1270 1214 1389 1246 τοιοῦτος
1402 1215 1460 1243 ἷδίιι.
1479 1214 1494 1251 ἢ
1508 1215 1613 1253 πρῶτον
1628 1218 1760 1248 σκεπτέον,

964 1255 1047 1294 ὥςπερ
1064 1256 1110 1291 τὴν
1126 1258 1257 1284 πολιτείαν
1275 1256 1462 1297 ἐσκεψαμεθα,
1485 1259 1541 1285 τίνα
1560 1257 1658 1295 τρόπον
1674 1259 1758 1296 γίγνε-

963 1310 1019 1332 ταις
1045 1300 1108 1331 Ναί,
1128 1299 1183 1334 ἔφη.
1212 1294 1263 1336 Ἆρ’
1282 1312 1328 1327 ουν
1346 1297 1393 1335 οὐχ
1410 1295 1471 1333 ὧδε,
1492 1300 1537 1328 τοῦ
1554 1300 1681 1337 φειδωλοῦ
1697 1302 1758 1328 εκεί-

964 1352 1011 1369 νου
1031 1341 1076 1368 καὶ
1093 1339 1258 1379 ὀλιγαρχικοῦ
1278 1348 1282 1362 ¹
1299 1340 1391 1380 γένοιτ
1410 1341 1452 1375 ἄν,
1477 1347 1560 1379 οἰμαι,
1582 1342 1638 1373 υἱὸς
1654 1341 1706 1370 ὑπὸ
1726 1342 1760 1379 τῷ

962 1384 1043 1421 πατρὶ
1059 1386 1240 1433 τεθραμμένος
1258 1387 1283 1411 ἐν
1298 1387 1353 1415 τοῖς
1368 1386 1463 1413 ἐκείνου
1477 1384 1585 1420 ἢθεσινς
1605 1387 1636 1412 Τί
1648 1383 1700 1423 γὰρ
1716 1383 1760 1417 οὗ,-

964 1427 1015 1462 Βίᾳ
1038 1425 1068 1460 δὴ
1089 1438 1133 1453 και
1155 1427 1232 1457 οὗτος
1254 1425 1340 1464 α’ρχων
1360 1426 1411 1455 τῶν
1429 1430 1455 1455 ἐν
1474 1426 1542 1464 αυτῷ
1565 1425 1675 1461 ἡδονῶν,
1699 1426 1761 1455 ὅσαι

965 1466 1119 1496 αναλωτικαῖ
1135 1471 1188 1505 μέν,
1204 1470 1403 1506 χρηματιστικαι
1422 1470 1448 1497 δὲ
1461 1468 1507 1505 μή·
1528 1481 1554 1496 αι
1570 1469 1599 1504 δὴ
1615 1482 1661 1497 ουκ
1677 1467 1758 1507 ἇναγ-

963 1514 1035 1538 καῖαι
1052 1512 1190 1546 κέκληνται.
1226 1511 1347 1546 Δῆλον,’
1339 1512 1393 1547 ἔφη
1428 1510 1523 1540 Βουλει
1542 1524 1595 1544 ουν,
1613 1512 1643 1547 ἦν
1661 1509 1684 1538 δ’
1703 1510 1760 1550 ἐγώ,

964 1565 1005 1581 ινα
1029 1552 1065 1590 μὴ
1092 1552 1228 1584 σκοτεινῶς
1253 1552 1447 1591 διαλεγώμεθα,
1474 1553 1579 1603 πρῶτον
1605 1552 1760 1591 ὁρισώμεθα

963 1594 1010 1626 τοὶς
1031 1607 1058 1623 τε
1082 1593 1238 1634 αναγκαίους
1260 1597 1402 1633 ἐπιθυμίας
1418 1608 1462 1624 και
1480 1607 1526 1627 τας
1541 1608 1589 1633 μη,·
1616 1595 1759 1633 Βουλομαι,

963 1638 979 1673 η’
1000 1635 1024 1664 δ’
1046 1636 1081 1668 ὅς.
1127 1636 1227 1666 Οὔκοῦν
1249 1637 1279 1669 οἷς
1295 1650 1322 1666 τε
1341 1650 1387 1666 ουκ
1407 1637 1439 1667 ἂν
1456 1636 1508 1667 οἷοί
1524 1636 1544 1666 τ’
1561 1636 1630 1675 εἶμεν
1648 1637 1759 1676 ἀποτρέ-

963 1690 1025 1717 ψαι,
1045 1679 1181 1711 oznaim*
1164 1692 1196 1708 αν
1215 1678 1355 1719 ἀναγκαῖαι
1372 1683 1506 1713 καλοῖντο,
1524 1693 1567 1708 και
1586 1680 1647 1709 ὅσαι
1667 1687 1670 1701 ¹
1691 1679 1759 1708 ἀπο-

964 1721 1113 1759 τελούμεναι
1140 1720 1285 1758 ὦφελουσιν
1310 1722 1389 1760 ἦμᾶς;
1417 1735 1515 1751 τουτων
1534 1722 1586 1761 γὰρ
1609 1721 1762 1760 αμφοτέρων

964 1766 1089 1801 ἐφίεσθαι
1113 1763 1184 1802 ἡμῶν
1211 1764 1242 1802 τῇ
1267 1764 1355 1815 φύσει,
1367 1763 1471 1804 ἀνάγκη.
1498 1764 1513 1801 ἢ
1536 1777 1579 1799 ου,-
1606 1767 1662 1793 Καὶ
1681 1764 1760 1803 μαλα.

965 1808 1075 1838 Δικαίως
1093 1807 1122 1842 δὴ
1141 1811 1154 1824 *
1171 1807 1250 1836 τοῦτο
1269 1805 1307 1835 ἐπ’
1325 1806 1416 1839 αὐταῖς
1431 1808 1544 1845 ἐροῦμεν,
1563 1807 1593 1836 τὸ
1610 1806 1760 1846 ἀναγκαῖον.

965 1851 1082 1881 Δικαίως.
1124 1850 1156 1877 Τί
1172 1850 1210 1883 δε,-
1230 1849 1248 1877 α’
1263 1852 1294 1888 γέ
1310 1861 1348 1881 τις
1366 1848 1535 1882 ἆπαλλαξειεν
1554 1849 1593 1882 α’ν,
1612 1850 1634 1878 εἷ
1650 1849 1761 1902 μελετώη

963 1935 1006 1962 καὶ
1023 1928 1198 1967 τουναντιον,
1209 1933 1300 1966 πάσας
1316 1946 1414 1966 ταυτας
1430 1935 1453 1963 εἶ
1461 1935 1505 1975 μὴ
1524 1933 1680 1973 ἀναγκαίους
1697 1938 1760 1972 φαῖ-

961 1988 1008 2013 μεν
1025 1980 1102 2009 εἶναι,
1122 1974 1161 2014 ἀρ’
1179 1988 1211 2005 ου
1228 1976 1345 2008 καλῶς
1329 1990 1361 2005 αν
1378 1980 1506 2016 λέγοιμεν;
1533 1977 1628 2009 Καλῶς
1643 1980 1690 2015 μὲν
1708 1990 1761 2006 ουν

962 2017 1148 2056 ΙΙροελωμεθα
1167 2017 1197 2054 δή
1215 2031 1239 2047 τι
1255 2018 1420 2058 παραδειγμα
1439 2022 1570 2061 ἑκατέρων,
1591 2032 1616 2047 αι
1632 2020 1704 2053 εἰσιν,
1719 2021 1761 2047 ι’να

963 2060 1034 2098 τύπῳ
1056 2060 1174 2098 λαβωμεν
1196 2072 1289 2095 αυτας,·
1318 2060 1417 2091 Οὗκουν
1436 2061 1494 2099 χρή
1537 2060 1586 2100 Ἆρ’
1607 2074 1654 2090 ουν
1675 2061 1723 2098 οὐχ
1746 2060 1761 2097 ἦ

963 2103 1010 2132 τοῦ
1028 2106 1122 2142 φαγεῖν
1138 2106 1211 2141 μέχρι
1228 2102 1325 2153 ὑγιείας
1342 2116 1369 2133 τε
1386 2117 1430 2132 και
1447 2103 1545 2136 ευεξίας
1561 2105 1605 2132 καὶ
1623 2103 1704 2133 αὐτοῦ
1719 2106 1759 2132 σί-

963 2158 1011 2174 του
1031 2157 1059 2174 τε
1080 2158 1124 2173 και
1146 2144 1217 2183 όψου
1236 2145 1378 2185 ιιναγκαῖος
1396 2153 1400 2167 ¹
1420 2146 1453 2175 ἄν
1469 2150 1520 2183 εἴη,-
1541 2145 1626 2184 Οἶμαι.
1667 2145 1703 2175 ‘H
1704 2149 1762 2198 ,μέν

962 2191 993 2227 γε’
1009 2200 1062 2216 που
1079 2188 1126 2216 τοῦ
1144 2190 1219 2216 σίτου
1236 2187 1291 2217 κατ’
1309 2187 1444 2227 ἆμφότερα
1463 2188 1600 2228 αναγκαία,
1618 2191 1636 2226 ᾑ
1650 2201 1677 2217 τε
1693 2187 1759 2226 ωφέ-

964 2231 1066 2268 λιμος
1052 2225 1070 2268 ᾗ
1087 2242 1114 2258 τε
1131 2231 1233 2259 παῦσαι
1251 2230 1332 2264 ζῶντα
1350 2230 1452 2267 δυνατή
1489 2233 1552 2259 Ναί.
1585 2230 1620 2259 H
1636 2233 1663 2260 δὲ
1681 2230 1759 2269 ὄψου,

963 2275 990 2301 εί
1006 2285 1044 2310 πη
1065 2285 1122 2301 τινα
1144 2271 1269 2309 ωφέλειαν
1288 2273 1355 2311 πρὸς
1375 2272 1475 2306 ευεξίαν
1495 2276 1640 2311 παρέχεται.
1684 2272 1762 2302 Πανυ

962 2317 1010 2353 μὲν
1027 2327 1080 2343 ουν.
1117 2317 1149 2343 Τί
1166 2316 1204 2349 δε,
1230 2314 1246 2351 ἦ
1263 2318 1330 2353 πέρα
1348 2315 1446 2345 τούτων
1462 2329 1506 2344 και
1525 2315 1633 2345 ἀλλοίων
1650 2315 1760 2353 ἔδεσμα-

964 2369 1015 2386 των
1035 2355 1051 2393 ἢ
1073 2369 1200 2386 τοιουτων
1221 2360 1361 2412 ἐπιθυμία,
1389 2358 1483 2394 δυνατὴ
1506 2360 1532 2387 δὲ
1554 2361 1709 2396 κολαζομενη
1736 2362 1761 2386 ἐκ

963 2411 1026 2428 νεων
1046 2400 1090 2427 καὶ
1110 2400 1281 2437 παιδευομένη
1303 2404 1329 2429 ἐκ
1346 2400 1397 2429 τῶν
1413 2401 1516 2430 πολλῶν
1534 2399 1760 2433 ἆπαλλαττεσθαι,

963 2454 1007 2470 και
1029 2441 1142 2479 βλαβερὰ
1162 2444 1210 2479 μὲν
1231 2454 1343 2481 σωματι,
1371 2443 1483 2485 βλαβερὰ
1507 2445 1533 2471 δὲ
1554 2443 1625 2481 ψυχῇ
1647 2442 1713 2481 πρός
1735 2455 1761 2471 τε

963 2483 1090 2522 φρόνησιν
1103 2484 1148 2511 καὶ
1162 2484 1191 2512 τὸ
1208 2489 1360 2535 σωφρονεῖν,
1378 2492 1381 2506 ¹
1400 2485 1451 2524 αρά
1465 2498 1495 2524 γε
1510 2484 1601 2523 ὀρθῶς
1617 2498 1662 2513 ουκ
1678 2498 1759 2524 αναγ-

964 2527 1024 2554 καία
1051 2538 1083 2554 αν
1107 2528 1228 2561 καλοῖτο,
1253 2525 1405 2566 Ορθότατα
1430 2531 1478 2566 μὲν
1500 2529 1551 2556 οὖν.
1599 2525 1697 2556 Οὐκοῦν
1718 2528 1760 2555 καῖ

965 2567 1123 2599 ἀναλωτικὰς
1143 2568 1231 2606 φῶμεν
1252 2568 1317 2599 εἶναι
1338 2569 1446 2603 ταύτας,
1472 2572 1566 2601 ἐκείνας
1588 2571 1614 2598 δὲ
1634 2582 1759 2606 χρηματι-

965 2621 1054 2642 σ-τικας
1071 2610 1113 2638 διὰ
1131 2611 1161 2639 τὸ
1177 2614 1320 2650 χρησίμους
1336 2612 1403 2651 πρὸς
1420 2612 1452 2641 τὰ
1472 2614 1533 2650 ἔργα
1552 2611 1628 2645 εἶναι,
1653 2613 1684 2639 Τί
1697 2610 1760 2648 ,urim

967 2651 1040 2682 Ουτω
1062 2652 1091 2688 δὴ
1114 2665 1157 2680 και
1177 2655 1237 2695 περι
1260 2653 1419 2708 αφροὸισίων
1440 2667 1484 2682 και
1505 2655 1555 2683 τῶν
1573 2653 1655 2681 ἄλλων
1671 2652 1758 2690 φήσο-

962 2707 1022 2733 μεν,·
1052 2694 1145 2727 Οὕτως·
1189 2695 1237 2734 Ἀρ
1258 2698 1304 2726 οὖν
1320 2710 1364 2726 και
1382 2696 1413 2726 ὃν
1430 2709 1475 2725 νυν
1493 2696 1522 2732 δὴ
1539 2709 1638 2733 κηφηνα
1656 2694 1760 2734 ὠνομα-

1427 2747 1478 2770 46²

1786 334 1820 351 558

1788 1813 1824 1830 559
