1998 3084
40 1185 74 1204 51⁶·

773 175 1045 204 GORGIAS.

95 254 296 295 παρασκευαζειν
313 254 345 293 τῇ
362 253 455 283 ἑαυτοῦ
476 253 560 286 πόλει,
583 253 628 282 νῦν
643 266 690 291 μοι
707 252 885 292 ἀναμνησθεὶς

96 300 151 328 εἰπὲ
167 299 226 336 περὶ
244 299 342 326 ἐκείνων
358 296 409 324 τῶν
427 295 526 333 ανδρῶν
543 297 578 324 ὡν
596 294 672 334 ὀλίγῳ
687 296 815 334 πρότερον
830 297 882 324 ἕλε-

96 351 149 380 γες,
171 340 193 368 εἷ
211 341 246 367 έτι
264 351 305 367 σοι
325 338 446 367 δοκοῦσιν
463 336 567 376 ἆγαθοι
584 341 689 366 πολῖται
708 341 852 377 γεγοιέιαι,
879 344 882 358 ¹

96 381 220 420 Περικλῆς
241 382 284 409 καὶ
300 382 390 417 Κίμων
410 381 454 407 καὶ
475 378 618 415 Μιλτιαδης
639 381 682 408 καὶ
705 379 884 417 Θεμιστοκλῆς

96 428 174 453 ΚΑΛ
188 422 297 460 Ἔμοιγε.
340 427 395 450 ΣΩ.
417 420 516 450 Οὗκοῦν
533 425 603 459 εἷ’περ
622 420 732 460 ἀγαθοί,
752 422 827 457 δῆλον
845 421 885 449 ὅτι

98 467 204 496 ἕκαστος
225 463 309 492 αὐτῶν
330 464 442 500 βελτίους
459 465 539 492 ἐποίει
556 464 617 495 τοὺς
633 466 740 495 πολίτας
759 464 815 492 αντὶ
829 475 882 499 χει-

97 507 184 546 ρόνων.
212 508 302 538 ἐποίει,
323 505 339 541 ἢ
357 504 401 539 οὕς
443 510 522 533 ΚΑΛ.
543 507 606 533 Ναί.
649 511 704 533 ΣΩ..
726 504 825 546 Οὐκρῦν
842 504 884 533 ὅτε

96 548 221 587 Περικλῆς
241 547 332 585 ἤρχετο
355 550 434 586 λέγειν
456 551 482 575 ἐν
502 548 537 584 τῷ
560 547 636 584 δήμῳ,
657 549 758 585 χείρους
775 547 842 582 ἦσαν
860 548 885 575 οἱ

96 594 230 626 Αθηναῖοι
251 589 267 625 ἢ
288 589 332 618 ὅτε
353 589 385 617 τὰ
410 592 541 617 τελευταῖα
569 590 663 627 ἔλεγενς
706 594 785 617 KAA.
804 588 884 620 Ἴσως.

97 638 151 662 ΣΩ.
175 630 226 661 Οὗκ
248 635 309 663 ἴσως
331 631 372 666 δή,
399 632 418 659 ὦ
441 632 565 667 βέλτιστε,
594 629 645 672 ᾇλϊ
667 629 764 669 ἀνάγκη
787 635 812 658 ἐκ
835 642 886 658 των

97 674 306 714 ωμολογημένων,
329 676 399 710 εἴπερ
421 671 528 711 αγαθός
548 671 571 711 γ’
591 669 621 708 ἦν
639 676 733 704 ἐκεῖνος
751 679 754 693 ¹
774 674 884 707 πολίτης.

95 721 173 745 ΚΑΛ.
196 717 228 744 Τί
248 727 293 744 ουν
315 714 357 750 (525,-
401 721 456 742 ΣΩ.
481 713 566 743 Ουδέν.
595 714 658 742 ἀλλὰ
679 713 739 743 τόδε
759 726 804 751 μοι
830 714 885 742 εἰπὲ

97 759 138 787 ἐπὶ
157 757 252 795 τούτῳ,
275 757 298 786 εἶ
319 759 435 795 λέγονται
456 760 592 792 Αθηναῖοι
615 756 656 784 διὰ
677 759 804 793 Περικλέα
827 756 882 792 βελ-

96 802 164 832 τίους
183 801 327 838 γεγονέναι,
352 798 368 834 ἢ
389 798 443 827 πᾶν
464 797 614 827 τούναντίον
636 799 815 835 διαφθαρῆναι
840 795 883 825 ὑπ’

98 844 197 871 ἐκείνου
224 842 298 869 ταυτὶ
314 853 365 879 γαρ
384 842 461 890 ἔγωγε
480 839 577 873 ἀκούω,
600 843 726 893 Περικλέα
747 842 883 875 πεποιηκέ-

96 897 138 913 ναι
154 885 309 918 Ἀθηναίους
327 881 422 920 ἀργοὺς
439 895 483 910 και
500 882 596 914 δειλοὺς
613 883 657 910 καὶ
673 881 766 913 λαλους
783 883 826 910 καὶ
840 894 883 918 φι-

97 925 238 964 λαργύρους
263 925 299 956 εἷς
327 927 511 975 μισθοφορίαν
542 924 646 961 πρῶτον
677 923 884 959 καταστήσαντα.

96 973 174 996 ΚΑΛ.
194 967 251 995 Τῶν
267 966 300 995 τὰ
318 979 371 994 ωτα
389 966 552 1005 κατεαγότων
568 965 668 998 ἀκούεις
682 966 772 999 ταῦτα,
791 967 810 994 ὠ
825 964 884 994 Σω-

97 1020 193 1048 κρατες.
231 1014 286 1037 ΣΩ.
304 1009 378 1037 Ἀλλὰ
396 1008 456 1036 ταδε
475 1007 557 1037 οὐκέτι
576 1006 668 1040 ἀκούω,
689 1006 740 1035 ἄλλ’
758 1006 816 1035 οἰδα
835 1020 884 1035 σα-

97 1052 151 1088 φῶς
175 1052 219 1079 καὶ
244 1050 293 1089 ἐγὼ
319 1051 363 1078 καὶ
389 1050 434 1083 ου’,
462 1051 501 1078 ὅτι
523 1050 552 1078 τὸ
574 1052 620 1087 μὲν
637 1050 741 1087 πρῶτον
758 1048 887 1086 ηὐδοκίμει

97 1093 221 1131 Περικλῆς
242 1093 284 1120 καὶ
307 1091 426 1129 οὐδεμίαν
448 1092 559 1130 αἰσχρὰν
570 1093 649 1132 -δίκην
674 1093 885 1129 κατεψηφίσαντο

99 1135 178 1164 αὐτοῦ
195 1138 339 1170 Ἀθηναῖοι,
356 1133 428 1169 ἡνίκα
444 1136 546 1171 χείρους
563 1134 640 1169 ἦσαν·
666 1134 750 1169 ἐπειδὴ
769 1135 795 1161 δὲ
813 1134 888 1161 καλοὶ

99 1176 218 1216 κάγαθοὶ
243 1176 396 1215 ἐγεγόνεσαν
418 1180 431 1194 *
451 1174 494 1204 ’ὑπ’
521 1174 613 1209 αὖτοῦ,
646 1177 687 1203 ἐπὶ
713 1176 815 1212 τελευτῇ
841 1176 888 1203 τοῦ

100 1221 155 1258 βίου
180 1219 228 1248 τοῦ
248 1221 412 1256 Περικλέους,
439 1217 535 1253 κλοπὴν
562 1216 642 1246 αὐτοῦ
668 1219 887 1255 κατεψηφίσαντο,

100 1260 187 1300 ὀλίγου
204 1262 231 1289 δὲ
247 1262 291 1289 καὶ
308 1260 430 1289 θανάτου
449 1262 583 1301 ἐτίιιιησανζ
604 1260 680 1295 δῆλον
698 1260 738 1288 ὅτι
755 1260 789 1291 ὠς
805 1272 886 1294 πονη-

99 1303 146 1355 ρρῦ
164 1303 245 1345 ἔντος.
288 1309 388 1331 LXXII
405 1307 484 1330 KAA.
504 1304 536 1330 Τί
552 1303 612 1335 οὖνς
638 1301 732 1330 τούτου
751 1303 821 1330 ἕνεκα
839 1314 886 1329 κα-

99 1345 144 1378 κὸς
159 1346 190 1381 ἦν
205 1346 344 1383 Περικλῆς;
387 1350 442 1372 ΣΩ.
457 1343 537 1373 Ὀνων
553 1356 617 1382 γουν
635 1356 667 1372 αν
685 1344 831 1381 ἐπιμελητὴς
845 1344 888 1371 καὶ

98 1389 182 1416 ἳππων
198 1400 242 1415 και
260 1387 328 1424 βοῶν
344 1386 462 1418 τοιοῦτος
480 1385 514 1414 ὧν
531 1385 610 1417 κακὸς
628 1399 659 1413 αν
677 1385 757 1414 ἐδόκει
775 1390 846 1418 εἰναι,
865 1385 888 1413 εἰ

99 1429 255 1468 παραλαβὼν
270 1429 305 1466 μὴ
322 1431 485 1461 λακτίζοντας
500 1429 562 1465 μηδὲ
580 1430 743 1466 κυρίττοντας
758 1429 822 1465 μηδὲ
840 1426 886 1455 δα-

99 1483 203 1503 κνοντας
225 1469 339 1503 ἀπέδειξε
359 1471 442 1499 ταῦτα
464 1470 567 1498 ἅπαντα
589 1470 729 1502 ποιοῦντας
750 1468 779 1498 δι’
797 1468 887 1508 ἀγριό-

99 1526 168 1551 τητα.
193 1513 209 1550 ἦ
231 1512 262 1543 οὗ
284 1514 355 1542 δοκεῖ
376 1525 419 1541 σοι
436 1512 514 1544 κακὸς
531 1511 595 1541 εἶναι
613 1512 759 1549 ἐπιμελητὴς
777 1511 890 1543 ὄςτιςοῦν

102 1563 105 1578 ¹
124 1555 233 1585 ὁτουοῦν
250 1554 326 1589 ζώου,
345 1554 374 1586 ὃς
393 1554 424 1582 ἂν
441 1555 600 1594 παραλαβὼν
612 1554 763 1607 ἧμερώτερα
782 1553 886 1583 ἀποδεί-

99 1601 130 1637 ξῃ
149 1611 290 1638 αγριωτερα
306 1598 322 1634 ἧ
339 1599 481 1652 παρέλαβες
504 1603 589 1632 Δοκεῖ,
607 1598 623 1634 ἢ
641 1598 685 1632 οὕς
729 1602 807 1627 ΚΑΛ.
826 1595 887 1625 Πά-

101 1655 129 1671 νυ
145 1654 186 1681 γε,
203 1643 246 1670 ἵνα
263 1654 307 1670 σοι
321 1643 476 1679 χαρίσωμαι.
520 1646 575 1669 ΣΩ.
597 1642 648 1669 Και
667 1640 725 1669 τόδε
743 1643 828 1669 τοιίυν
843 1652 889 1677 μοι

97 1695 204 1722 χαρισαι
225 1682 440 1722 ἅποκριναμενος,
462 1682 574 1721 πότερον
595 1684 637 1711 καὶ
660 1682 674 1711 ὁ
698 1682 842 1720 ἄνθρωπος
864 1682 889 1710 ἓν

100 1726 150 1755 τῶν
171 1724 239 1758 ζωων
261 1728 339 1758 ἐστίν,
366 1725 381 1761 ἦ
404 1724 447 1759 ου’;
489 1730 569 1754 ΚΑΛ.
591 1725 655 1756 Πῶς
675 1725 727 1764 γὰρ
745 1724 789 1758 ου’,·
833 1730 888 1752 ΣΩ.

103 1767 200 1798 Οὐκοῦν
222 1766 370 1809 ἀνθρώπων
391 1767 515 1805 Περικλῆς
537 1769 683 1816 ἐπεμᾶετος
726 1772 805 1795 ΚΑΛ.
826 1768 889 1794 Ναί.

102 1816 155 1839 ΣΩ.
179 1812 210 1838 Τί
231 1811 288 1844 οὖνς
312 1808 358 1838 οὐκ
381 1811 429 1838 ἔδει
448 1808 548 1842 αὐτούς,
571 1809 605 1840 ὡς
623 1808 681 1847 α’ρτι
698 1808 888 1847 ὡμολογοῦμεν,

103 1854 271 1890 δικαιοτέρους
294 1854 427 1891 γεγονέναι
453 1850 510 1880 αντὶ
537 1850 694 1889 ἇδικωτέρων
718 1849 760 1879 ὑπ’
786 1863 848 1879 εκειι
851 1863 889 1883 ου,

101 1897 171 1933 εἴπερ
188 1898 281 1926 ἐκεῖνος
299 1900 303 1915 ¹
323 1896 466 1931 ἐπεμελειτο
485 1892 570 1922 αὐτῶν
587 1892 695 1931 ἀγαθὸς
711 1905 747 1921 ων
764 1893 797 1921 τὰ
814 1896 888 1921 πολι-

101 1936 170 1970 τικάς
211 1941 290 1965 ΚΑΛ.
316 1936 394 1964 Πάνυ
418 1948 455 1974 γε.
499 1941 554 1964 ΣΩ.
580 1934 679 1964 Οὐκοῦν
701 1937 776 1974 οἵγε
798 1936 891 1963 δίκαιοι

101 1978 200 2017 ἥμεροι,
227 1977 290 2010 ὦς’
283 1980 329 2015 ἔφη
347 1977 464 2015 (Όμηρος.
492 1978 524 2006 σὺ
547 1979 574 2006 δὲ
595 1979 621 2005 τί
640 1977 703 2015 φῄςς
731 1976 779 2012 οὐχ
797 1978 889 2010 οὕτως,-

101 2025 179 2049 KAA.
203 2022 265 2048 Ναί.
308 2025 363 2048 ΣΩ.
385 2020 459 2049 Λλλα
480 2020 531 2057 μὴν
553 2018 722 2072 ἀγριωτέρους
742 2031 772 2058 γε
797 2030 892 2050 αυτους

104 2061 228 2100 ἀπέφηνεν
244 2061 259 2098 ἢ
282 2064 352 2094 οἵους
372 2063 514 2100 παρέλαβε,
537 2074 580 2090 και
601 2060 671 2090 ταυτ)
688 2062 724 2093 εἷς
746 2060 837 2093 αὐτόν,
861 2060 891 2090 ὅν

102 2103 180 2140 ἥκιστ’
206 2103 237 2133 ἂν
264 2104 390 2141 ἐβουλετο.
433 2109 512 2132 ΚΑΛ.
534 2104 629 2133 Βούλει
653 2116 696 2132 σοι
723 2103 890 2154 ὅμρλογησω;

103 2152 157 2175 ΣΩ.
180 2147 211 2174 Εἰ
233 2146 299 2175 δοκῶ
320 2149 350 2185 γε’
371 2159 414 2175 σοι
433 2145 520 2182 αληθῆ
537 2149 624 2184 λέγειν.
668 2151 746 2174 ΚΑΛ.
761 2145 843 2174 Ἔστω
862 2146 891 2180 δὴ

103 2187 191 2217 ταῦτα.
233 2194 290 2217 ΣΩ.
310 2187 409 2217 Οὐκοῦν
430 2191 500 2238 ειπερ
520 2187 701 2226 ἀγριωτέρους,
724 2187 892 2238 αδικωτέρους

103 2242 130 2259 τε
150 2231 193 2259 καὶ
210 2232 323 2268 χείρουςς
366 2235 444 2259 ΚΑΛ.
468 2236 472 2251 ¹
487 2229 577 2259 Ἔστω.
620 2236 676 2259 ΣΩ..
697 2228 748 2259 Οὔκ
766 2243 800 2268 αρ
824 2229 889 2268 ἇγα-

103 2272 156 2304 θὸς
181 2272 213 2301 τὰ
234 2272 352 2301 πολιτικὰ
373 2272 500 2310 Περικλῆς
520 2273 550 2308 ἦν
572 2275 598 2300 ἐκ
619 2284 714 2301 τουτου
735 2272 782 2301 τοῦ
804 2271 890 2321 λόγου.

103 2319 180 2342 ΚΑΛ.
205 2312 241 2343 Ου
264 2313 296 2343 σύ
316 2327 346 2353 γε
363 2313 421 2351 φῄς.
464 2319 520 2342 ΣΩ.
538 2314 589 2342 Μὰ
609 2313 660 2347 Δι’,
684 2313 742 2342 ουδὲ
762 2326 792 2352 γε
814 2327 847 2342 συ
866 2317 892 2346 ἐξ

104 2358 139 2385 ὠν
156 2355 296 2395 ομολογεις.
339 2356 425 2384 Παλιν
443 2357 469 2384 δὲ
486 2358 542 2394 λέγε
558 2368 604 2394 μοι
620 2368 679 2393 περι
696 2358 826 2408 Κίμωνος·
846 2368 892 2385 ουκ

106 2397 295 2452 ἔξωστρακισαν
312 2396 392 2427 αὐτὸν
410 2393 489 2430 οὗτοι,
509 2409 554 2429 ους
570 2398 759 2436 εθεράπευεν,’
755 2411 795 2426 ινα
812 2397 892 2427 αὐτοῦ

105 2441 164 2470 &a
185 2439 247 2470 ἐτῶν
265 2440 300 2478 μὴ
323 2452 460 2469 ακουσειαν
477 2439 520 2476 τῆς
537 2440 633 2476 φωνῆςς
659 2441 703 2468 καὶ
721 2443 892 2477 Θεμιστοκλέα

105 2481 185 2511 ταύτὰ
202 2495 284 2511 ταυτα
302 2484 428 2518 ἐποίησαν
441 2495 484 2510 και
498 2482 567 2520 φυγῇ
583 2484 801 2532 προςεζημίωσαν;
820 2485 890 2510 Μιλ-

104 2523 192 2560 τιάδην
209 2525 236 2553 δὲ
252 2524 298 2553 τὸν
316 2528 341 2552 ἐν
355 2524 512 2562 Μαραθῶνι
528 2524 564 2555 εἷς
581 2524 610 2552 τὸ
631 2530 635 2545 ¹
654 2523 795 2573 βαραθρον
813 2525 891 2562 ἐμβα-

104 2569 156 2595 λειν
173 2568 345 2603 εψηφίσαντο,
368 2567 411 2594 καὶ
427 2567 450 2595 εἰ
463 2565 503 2617 μὴ
519 2565 560 2593 δια
582 2565 628 2594 τὸν
648 2565 782 2604 πρύτανιν,
806 2569 890 2595 ἐνέπε-

106 2620 150 2637 σεν
167 2607 211 2642 α’ν,·
236 2610 332 2637 Καίτοι
349 2609 429 2641 οὗτοι,
448 2609 470 2636 εἰ
488 2608 555 2643 ἦσαν
573 2607 661 2645 ἄνδρες
679 2606 790 2646 αγαθοί,
808 2607 842 2640 ὦς
860 2608 892 2636 σὺ

105 2649 163 2688 φῄς,
181 2649 227 2679 οὐκ
246 2649 278 2678 α’ν
294 2662 357 2679 ποτε
374 2651 455 2678 ταῦτα
475 2651 598 2685 ἔπασχον.
626 2648 719 2678 ου’κουν
737 2663 763 2679 οι
778 2662 808 2688 γε
824 2663 890 2688 αγα-

105 2693 155 2721 θοὶ
176 2691 272 2727 ἡνίοχοι
293 2690 347 2720 κατ’
368 2690 449 2730 ἆρχὰς
467 2695 514 2729 μὲν
536 2690 582 2720 οὐκ
605 2693 770 2720 ἐκπίπτουσιν
791 2695 817 2719 ἐκ
844 2704 892 2720 των

1680 176 1725 203 475

935 255 1039 293 ζευγῶν,
1058 255 1160 283 ἐπειδὰν
1178 256 1205 284 δὲ
1222 254 1410 293 θεραπεύσωσι
1427 266 1487 287 τους
1505 266 1599 286 ιππους
1615 255 1659 283 καὶ
1676 253 1722 282 αὗ-

934 310 975 325 τοι
998 296 1127 346 αμείνρυς
1135 300 1256 335 γένωνται
1277 297 1387 350 ἡνίοχοι,
1410 296 1462 326 τότ
1480 299 1651 326 ἐκπίπτουσιν.
1679 295 1724 325 οὐκ

936 340 989 367 ἐστι
1010 338 1079 367 ταῦτ
1102 338 1153 367 οϋτ
1175 343 1201 367 ἐν
1222 338 1335 391 ἡνιοχεία
1354 338 1406 368 οὔτ’
1423 343 1449 367 ἐν
1467 338 1532 367 α’λλω
1552 340 1615 377 ἔργω
1634 337 1723 367 οὐδενί

934 380 949 416 ἢ
968 381 1038 409 δοκεῖ
1054 393 1110 415 σοις
1152 386 1230 409 ΚΑΛ
1252 380 1303 410 Οὐκ
1321 384 1413 423 ἔμοιγε.
1457 387 1511 409 ΣΩ.
1529 384 1647 416 Λληθεῖς
1665 379 1724 418 ἆρα,

935 421 969 453 ὦς
987 424 1073 455 εὀικεν,
1093 424 1119 451 οἱ
1137 425 1289 460 ἔμπροσθεν
1306 422 1380 462 λόγοι
1396 424 1470 458 ἦσαν,
1490 422 1530 452 ὅτι
1547 422 1638 451 ουδένα
1655 422 1726 460 ἡμεῖς

936 468 947 481 *
967 467 1039 501 ἴσμεν
1061 463 1141 502 ανδρα
1165 464 1273 502 αγαθὸν
1293 464 1420 503 γεγονότα
1438 466 1470 493 τὰ
1487 465 1605 494 πολιτικα
1624 468 1650 493 ἐν
1666 466 1725 501 τηδε

936 506 966 542 τῇ
987 505 1069 534 πόλει.
1096 506 1129 535 σὺ
1151 508 1177 534 δὲ
1199 505 1338 544 ὡμολόγεις
1358 507 1409 535 τῶν
1429 519 1458 545 γε
1480 519 1524 535 νυν
1546 506 1649 557 οὐδένα,
1675 508 1726 534 τῶν

934 560 1021 584 μεντοι
1040 549 1204 585 ἔμπροσθεν,
1223 561 1266 576 και
1282 551 1403 585 προείλου
1421 560 1528 580 τουτους
1545 549 1605 580 τοὺς
1623 548 1724 586 α’νδρας

937 591 1010 618 οὑτοι
1028 591 1055 618 δὲ
1074 588 1239 626 ἀνεφάνησαν
1257 593 1308 622 ἐξ’
1301 594 1360 618 ι’σου
1377 594 1432 621 τοῖς
1449 591 1493 619 νῦν
1512 590 1592 623 ὅντες,
1606 590 1695 639 (Agre,-
1703 591 1726 618 εἰ

937 627 1010 659 οὗτοι
1028 631 1133 670 ῥήτορες
1150 632 1225 667 ἦσαν,
1245 631 1303 660 οὔτε
1322 633 1352 668 τῇ
1369 631 1480 669 ἀληθιιῆ
1496 633 1615 669 ῥητορικῆ
1632 632 1723 669 ἐχρῶν-

936 686 966 701 το
992 690 1033 694 —-·
1060 671 1091 701 οὗ
1117 673 1168 711 γὰρ
1195 685 1227 701 αν
1252 676 1374 705 ἐξέπεσον
1398 691 1438 694 —-
1465 686 1523 702 ουτε
1546 674 1576 711 τῇ
1591 675 1725 715 κολακικῇ.

936 721 1046 743 LXXIII.
1065 720 1144 743 KAA.
1162 715 1235 743 Λλλα
1251 717 1338 752 μέντοι
1354 716 1452 744 πολλου
1469 728 1498 753 γε
1516 717 1560 747 δει,
1580 717 1599 743 ὦ
1616 715 1725 753 Σωκρα-

937 768 983 789 τες,
1001 769 1035 805 μη
1052 760 1117 785 ποτέ
1134 768 1171 788 τις
1188 757 1238 785 τῶν
1254 757 1299 785 νῦν
1317 759 1379 795 ἔργα
1398 758 1504 785 τοιαῦτα
1521 757 1667 795 ἐργασηται,
1684 762 1726 786 οἱα

937 805 940 819 ¹
960 811 1058 827 τουτων
1076 798 1105 830 ὃς
1123 799 1207 835 βουλει
1224 802 1366 837 εἷργασται.
1410 805 1465 827 ΣΩ.
1483 801 1512 826 Ὠ
1527 799 1648 836 δαιμοιιε,
1668 798 1724 828 ουδ

937 841 985 879 ἐγώ
1002 843 1074 879 ψέγω
1092 852 1207 874 τουτους,
1226 840 1260 872 ὥς
1275 853 1305 879 γε
1323 840 1458 872 διακόνους
1475 840 1538 869 εἶναι
1555 841 1660 873 πόλεως,
1680 840 1724 869 αλ-

936 883 968 910 kri
989 895 1034 920 μοι
1056 884 1163 911 δοκοῦσι
1184 895 1234 911 των
1254 895 1284 921 γε
1305 883 1350 911 νῦν
1372 882 1575 924 διακονικωτεροι
1596 886 1727 921 γεγονέναι

936 926 979 952 καὶ
999 925 1098 962 μᾶλλον
1119 923 1171 953 οἷοί
1191 937 1217 953 τε
1241 928 1378 975 ἐκπορίζειν
1398 926 1429 962 τῇ
1451 925 1524 953 πόλει
1542 926 1577 953 ὡν
1595 925 1726 962 ἐπεθύμει

938 966 1001 994 αλλὰ
1023 980 1074 1005 γαρ
1095 966 1271 1004 μεταβιβιίζειν
1291 967 1338 998 τὰς
1360 969 1500 1004 ἐπιθυμίας
1517 979 1560 994 και
1575 967 1610 1004 μὴ
1629 970 1725 1005 ἐπιτρέ-

937 1021 1005 1041 πειν,
1023 1011 1162 1040 πείθοντες
1179 1010 1222 1037 καὶ
1241 1008 1384 1046 βιαζόμενοι
1403 1010 1444 1037 ἐπὶ
1460 1008 1551 1041 τοῦτο,
1571 1008 1638 1037 ὅθεν
1656 1011 1725 1045 ἔμελ-

937 1054 982 1079 λον
1001 1049 1118 1087 ἀμείνους
1136 1053 1250 1079 ἔσεσθαι
1268 1052 1294 1079 οἱ
1310 1054 1421 1083 πολῖται,
1444 1049 1478 1082 ὦς
1496 1052 1558 1082 ἔπος
1575 1051 1662 1083 εἰπεῖν,
1681 1049 1726 1079 οὐ·

938 1094 980 1121 δὲν
997 1092 1094 1121 τούτων
1112 1094 1228 1130 διέφερον
1246 1096 1345 1122 ἐκεῖνοι·
1367 1100 1370 1113 ¹
1390 1092 1454 1130 ὅπερ
1470 1092 1552 1130 μόνον
1567 1094 1642 1131 ἔργον
1660 1094 1728 1121 ἐστὶν

939 1134 1048 1173 ἀγαθοῦ
1069 1137 1184 1163 πολίτου.
1211 1134 1272 1166 ναῦς
1294 1136 1320 1163 δὲ
1342 1136 1386 1163 καὶ
1406 1137 1473 1170 τείχη
1500 1147 1543 1162 και
1568 1147 1660 1172 νεωρια
1686 1147 1729 1162 και

940 1176 1004 1204 α’λλα
1021 1176 1105 1205 πολλα
1123 1177 1232 1205 τοιαῦτα
1250 1179 1293 1204 καὶ
1311 1177 1359 1215 ἐγώ
1378 1189 1421 1205 σοι
1439 1176 1559 1215 ομολογῶ
1575 1178 1730 1227 δεινοτέρους

939 1217 1003 1247 εἶναι
1029 1221 1138 1250 ἐκείνους
1163 1231 1261 1247 τουτων
1288 1221 1432 1257 ἐκπορίζειν.
1475 1219 1591 1257 Πρᾶγμα
1618 1220 1664 1247 οὖι
1684 1231 1727 1256 γε-

939 1264 1011 1289 λοῖον
1028 1261 1154 1310 ποιοῦμεν
1172 1260 1220 1299 ἐγω
1238 1273 1265 1289 τε
1282 1263 1325 1289 καὶ
1343 1274 1376 1289 συ
1394 1274 1419 1289 εν
1437 1264 1491 1292 τοῖς
1508 1260 1601 1299 λόγοις.
1621 1264 1647 1288 ἐν
1661 1273 1727 1288 παν-

938 1316 963 1331 τι
979 1303 1030 1352 γὰρ
1049 1302 1083 1340 τῷ
1102 1301 1200 1341 χρόνῳ,
1224 1302 1254 1331 ὃν
1276 1302 1465 1341 διαλεγόμεθα,
1489 1302 1563 1331 ουδὲν
1584 1302 1729 1340 παυόμεθα

939 1346 975 1376 εἷς
995 1345 1025 1373 τὸ
1049 1343 1112 1373 αὐτὸ
1136 1343 1176 1373 ἀει
1197 1345 1393 1383 περιφερόμειοι
1415 1358 1458 1373 και
1481 1344 1634 1382 ἀγιοοῦντες
1652 1343 1727 1380 ἄλλη-

939 1390 988 1415 λων
1006 1386 1022 1415 ὅ
1039 1399 1062 1415 τι
1079 1390 1192 1440 λὲγομεν.
1211 1388 1259 1439 ἐγώ
1276 1389 1340 1426 γοῦν
1359 1400 1388 1415 σε
1406 1386 1526 1418 πολλάκις
1541 1398 1613 1435 οιμαι
1628 1386 1727 1424 ὡμολο-

938 1432 1041 1468 γηκέναι
1066 1430 1109 1457 καὶ
1136 1432 1279 1467 ἐγνωκέναι,
1307 1428 1341 1461 ὦς
1368 1429 1418 1466 ἄρα
1445 1429 1513 1464 διττὴ
1540 1430 1603 1463 αὕτη
1626 1436 1630 1449 ¹
1653 1440 1690 1460 τις
1715 1428 1730 1463 ἡ

939 1473 1102 1524 πραγματεία
1124 1472 1179 1500 εστὶ
1200 1473 1242 1499 καῖ
1263 1473 1321 1510 περι
1339 1471 1368 1499 τὸ
1388 1472 1462 1508 σῶμα
1480 1484 1523 1498 και
1539 1482 1598 1508 περι
1615 1471 1660 1507 τὴν
1676 1481 1728 1508 ’ψυ-

939 1513 992 1549 χήν,
1011 1515 1053 1541 καῖ
1070 1512 1085 1549 ἦ
1103 1516 1150 1551 μὲν
1167 1516 1239 1565 ἑτέρα
1258 1513 1386 1549 διακονικη
1404 1526 1483 1546 εστιν,
1506 1509 1522 1550 ᾗ
1541 1513 1650 1542 δυνατὸν
1667 1525 1702 1541 en
1705 1526 1731 1540 αι

940 1558 1089 1593 ἑκπορίζειι,
1117 1555 1161 1584 ἐὰν
1181 1558 1227 1593 μὲν
1253 1556 1326 1593 πεινῇ
1351 1556 1383 1584 τὰ
1411 1568 1519 1592 σωματα
1544 1554 1625 1592 ἡμῶν,
1653 1557 1730 1588 σιτία,

941 1598 985 1627 ἐὰν
1007 1599 1033 1628 δὲ
1056 1598 1133 1637 διψῇ,
1155 1598 1238 1633 ποτιὶ,
1262 1597 1307 1627 ἐὰν
1328 1599 1355 1626 δὲ
1377 1597 1446 1636 ῥιγῷ,
1466 1597 1563 1634 ἱματια,
1582 1597 1730 1635 στρώματα,

939 1641 1106 1679 υποδήματα,
1134 1640 1185 1669 αλλ
1205 1644 1240 1670 ὠν
1267 1643 1365 1679 ἔρχεται
1393 1652 1501 1676 σωματα
1524 1640 1560 1671 εἷς
1582 1641 1730 1691 ἐπιθυμίαν.

940 1685 983 1712 καὶ
1005 1685 1145 1719 ἐξεπίτηδες
1167 1696 1209 1713 σοι
1232 1683 1273 1712 διὰ
1294 1684 1345 1712 τῶν
1367 1681 1450 1712 αυτῶν
1471 1681 1575 1712 εἶκόνωι
1596 1685 1667 1721 λέγω,
1691 1695 1730 1711 ινα

940 1726 1004 1765 ρᾷον
1021 1725 1187 1763 καταμάθῃς.
1214 1725 1312 1755 τούτων
1332 1726 1383 1764 γὰρ
1401 1725 1552 1763 ποριστικὸν
1569 1723 1664 1754 εἷναι’“
1649 1738 1665 1760 η
1682 1738 1729 1753 κα-

940 1767 1049 1804 πηλον
1039 1767 1102 1796 όντα
1124 1767 1139 1803 ἢ
1163 1770 1276 1805 ἔμπορον
1297 1767 1312 1803 ἢ
1331 1767 1486 1818 δημιουργόν
1503 1779 1550 1796 του
1568 1766 1651 1796 αυτῶν
1669 1779 1729 1795 του-

940 1823 1001 1859 των,
1033 1810 1170 1839 σιτοποιὸν
1191 1810 1205 1845 ἢ
1233 1817 1237 1831 ¹
1261 1809 1394 1847 ὀψοποιὸν
1414 1809 1429 1845 ἢ
1455 1809 1570 1846 ὑφάντην
1594 1808 1610 1845 ἢ
1637 1821 1728 1838 σκυτο-

940 1852 1020 1889 τόμον
1041 1851 1056 1888 ἢ
1079 1851 1251 1890 σκυτοδεψον,
1280 1851 1354 1881 οὐδὲν
1375 1852 1535 1889 θαυμαστον
1563 1856 1642 1884 ἐστιν,
1669 1850 1731 1879 ὄντα

940 1894 1061 1923 τοιοῦτον
1079 1894 1153 1926 δόξαι
1174 1895 1217 1922 καὶ
1240 1893 1308 1932 αὐτῷ
1330 1896 1373 1922 καὶ
1390 1898 1444 1925 τοῖς
1463 1893 1548 1925 ἄλλοις
1566 1893 1733 1931 θεραπευτὴν
1751 1919 1753 1925 ,

941 1935 1005 1965 εἶναι
1023 1936 1150 1973 σώματος,
1169 1948 1247 1964 παντι
1264 1937 1299 1964 τῶ
1318 1937 1353 1973 μὴ
1371 1935 1457 1969 εἰδότι,
1477 1935 1516 1964 ὅτι
1535 1938 1588 1964 ἔστι
1605 1947 1642 1967 τις
1659 1935 1731 1973 παρὰ

940 1978 1036 2010 ταύτας
1054 1989 1160 2010 απασας
1177 1981 1249 2014 τέχνη
1266 1978 1423 2017 γυμναστική
1440 1990 1468 2006 τε
1485 1979 1528 2006 καὶ
1545 1977 1651 2031 ἰατρική,
1670 1977 1684 2013 ἦ
1703 1977 1732 2012 δι’]

941 2021 976 2058 τῷ
998 2019 1052 2049 ὄντι
1074 2021 1127 2049 ἐστι
1150 2032 1271 2057 σωματος
1292 2022 1436 2058 θεραπεια,
1458 2019 1537 2058 ἥνπερ
1554 2021 1597 2048 καὶ
1614 2019 1733 2057 προςήκει

941 2074 1039 2091 τουτων
1061 2061 1146 2100 ἄρχειν
1168 2062 1261 2091 πασῶν
1278 2062 1329 2091 τῶν
1351 2062 1444 2112 τεχνῶν
1466 2063 1508 2090 καὶ
1533 2062 1653 2100 χρῆσθαι
1679 2065 1734 2092 τοῖς

942 2104 1039 2133 τούτων
1057 2105 1141 2143 ἔργοις
1158 2104 1200 2132 διὰ
1218 2104 1247 2133 τὸ
1266 2105 1382 2133 ειδέναι“
1374 2104 1389 2133 ό
1403 2117 1427 2132 τι
1443 2104 1473 2133 τὸ
1490 2103 1604 2154 χρηστὸν
1621 2116 1663 2132 και
1681 2116 1731 2132 πο-

941 2146 1019 2185 νηρὸν
1035 2147 1086 2175 τῶν
1104 2148 1191 2175 σιτίων
1212 2146 1227 2182 ἢ
1248 2147 1336 2175 ποτῶν
1358 2150 1426 2175 ἐστιν
1447 2147 1484 2178 εἷς
1501 2145 1593 2184 ἀρετὴν
1611 2151 1623 2163 *
1642 2158 1730 2183 σωμα-

942 2200 993 2221 τος,
1012 2200 1059 2220 τας
1076 2187 1100 2216 δ
1121 2188 1199 2220 α’λλας
1220 2200 1309 2220 πασας
1330 2187 1425 2220 ταύτας
1447 2187 1560 2227 ἀγνοεῖν·
1585 2187 1623 2216 διὸ
1644 2188 1672 2223 δὴ
1691 2189 1733 2215 καὶ

942 2230 1038 2262 ταύτας
1053 2233 1100 2268 μὲν
1122 2231 1306 2268 δουλοπρεπεῖς
1327 2243 1354 2259 τε
1376 2231 1420 2259 καὶ
1441 2230 1587 2261 διακονικὰς
1608 2231 1651 2258 καὶ
1673 2228 1731 2257 ἆνε-

942 2275 1083 2311 λευθὲρους
1100 2271 1164 2300 εἶναι
1181 2274 1239 2310 περὶ
1258 2284 1378 2309 σωματος
1394 2274 1580 2311 πραγματεῖαι,
1595 2272 1641 2303 τὰς
1657 2271 1734 2303 α’λλας

942 2318 1041 2350 τέχνας
1064 2314 1109 2350 τὴν
1130 2316 1157 2342 δὲ
1177 2314 1350 2353 γυμναστικὴν
1371 2327 1412 2343 και
1432 2314 1550 2356 ιατρικὴν
1562 2314 1628 2342 κατὰ
1647 2314 1676 2342 τὸ
1695 2315 1731 2341 δί-

942 2369 1017 2386 καιον
1038 2358 1176 2388 δεσποίνας
1197 2354 1262 2385 εἶναι
1282 2357 1386 2385 τούτων.
1413 2355 1495 2385 ταύτὰ
1518 2357 1564 2385 οὖν
1590 2356 1671 2384 ταῦτα
1694 2355 1734 2383 ὅτι

943 2401 997 2427 ἐστι
1018 2400 1061 2426 καῖ
1082 2399 1141 2436 περὶ
1161 2408 1257 2435 ψυχην,
1275 2402 1334 2427 τοτὲ
1354 2402 1399 2436 μέν
1419 2411 1464 2436 μοι
1486 2400 1569 2430 δοκεῖς
1588 2397 1734 2435 μανθάνειν

943 2440 983 2469 ὅτι
1000 2443 1071 2478 λέγω,
1090 2441 1133 2467 καὶ
1151 2439 1286 2479 ὁμολογεῖς
1303 2439 1337 2473 ὧς
1353 2441 1426 2472 εἰδώς
1441 2441 1456 2469 ὅ
1470 2453 1494 2469 τι
1512 2440 1560 2479 ἐγὼ
1575 2443 1649 2478 λέγω·
1670 2439 1733 2475 ἥκεις

943 2484 970 2511 δὲ
989 2481 1076 2520 ὀλίγον
1095 2481 1204 2519 ὕστερον
1225 2485 1316 2521 λέγων,
1338 2482 1378 2512 ὅτι
1400 2483 1540 2520 ἅνθρωποι
1557 2483 1632 2510 καλοὶ
1648 2480 1731 2520 κάγα-

945 2526 994 2553 θοὶ
1009 2523 1134 2575 γεγόνασι
1153 2530 1156 2545 ¹
1175 2527 1280 2553 πολῖται
1301 2528 1327 2553 ἐν
1347 2525 1378 2562 τῇ
1396 2524 1482 2558 πόλει,
1504 2525 1547 2552 καῖ
1565 2523 1666 2552 ἐπειδὰν
1684 2523 1733 2561 ἐγὼ

943 2566 1027 2604 ἐρωτω
1050 2577 1151 2599 οιτινες,
1175 2568 1257 2598 δοκεῖς
1276 2579 1322 2604 μοι
1349 2566 1520 2604 ὁμοιοτάτους
1545 2568 1733 2603 προτείνεσθαι

943 2607 1103 2645 ανθρώπους
1116 2609 1175 2646 περὶ
1189 2608 1222 2637 τὰ
1237 2609 1363 2642 πολιτικα,
1379 2609 1461 2646 ὥςπερ
1477 2608 1508 2636 ἂν
1523 2609 1545 2636 εἶ
1560 2609 1618 2645 περὶ
1636 2620 1667 2635 τα
1684 2619 1730 2645 γυ-

940 2649 1068 2687 μναστικὰ
1087 2651 1149 2687 ἐμοῦ
1171 2650 1315 2688 ἐρωτῶντος
1332 2653 1421 2683 σι’τινες
1443 2650 1546 2689 αγαθοι
1562 2648 1701 2688 γεγόνασιν
1717 2648 1733 2684 ἢ

941 2692 993 2720 εἰσὶ
1015 2704 1140 2729 σωματων
1162 2695 1337 2730 θεραπευταί,
1361 2695 1441 2731 ἔλεγές
1460 2705 1506 2730 μοι
1526 2691 1595 2719 πάνυ
1612 2690 1730 2720 σπουδά-

1752 469 1786 486 517

1759 2153 1795 2170 515
