1998 3084
147 502 183 519 590

149 2025 186 2042 591

210 165 255 190 374

210 256 308 281 γνεται,
332 240 469 293 λαμβάνων
490 240 520 268 τὸ
541 242 649 277 χρυσίον
672 239 725 277 ἅμα
747 239 953 268 καταδουλοῦται
974 252 1004 268 το

211 288 341 322 βέλτιστον
359 283 452 311 ἑαυτοῦ
472 295 504 319 τῳ
521 281 730 319 μοχθηροτάτῳς
757 281 771 316 ἢ
793 282 815 310 εἶ
831 284 879 318 μὲν
898 288 900 301 ¹
920 281 1006 317 λαβὼν

208 329 316 364 χρυσίον
341 326 399 353 υἱὸν
424 324 439 359 ἢ
466 327 602 362 θυγατέρα
630 323 779 355 εδουλοῦτο,
807 336 850 351 και
875 321 945 351 ταῦτ’
970 323 1006 354 εἷς

211 368 306 407 ἀγρίων
327 379 354 396 τε
372 367 415 394 καὶ
432 367 517 394 κακῶν
535 365 645 403 ἀνδρῶν,
671 364 716 394 οὗκ
736 378 767 393 αν
786 364 855 402 αὐτῷ
873 367 1006 393 ἐλυσιτέλει

211 409 267 438 οὐδ
286 409 318 438 (ἲν
334 408 460 446 πάμπολυ
478 409 519 436 ἐπὶ
538 420 620 436 τουτο)
637 407 787 445 λαμβάνειν,
810 408 833 435 εἶ
851 408 878 435 δὲ
895 406 925 435 τὸ
943 409 1004 435 ἑαυ-

209 453 256 481 τοῦ
278 450 421 480 θειότατον
441 450 494 479 ὑπὸ
515 462 551 487 τῳ
573 449 718 487 ἀθεωτατῳ
742 462 768 478 τε
790 451 833 477 καὶ
853 461 1007 487 μιαρωτατῳ

210 494 347 523 δουλοῦται
365 494 408 521 καὶ
424 494 502 530 μηδὲν
520 479 592 525 ἐλεεῖ,
612 491 658 520 οὐκ
677 491 728 530 ἄρα
747 490 844 523 α’θλιός
862 495 923 542 ἐστιἸ
933 492 976 519 καῖ
994 495 1007 508 *

209 537 277 565 πολὺ
300 537 341 564 ἐπὶ
363 537 495 573 δεινοτέρῳ
514 533 617 572 ολέθρῳ
633 534 734 571 χρυσὸν
751 532 923 571 δωροδοκεῖ’“
908 546 923 568 η
939 532 1004 571 Ἐρι

209 579 276 616 φύλη
299 579 340 606 ἐπὶ
362 578 393 615 τῇ
414 578 461 606 τοῦ
484 575 577 614 ἀνδρὸς
597 577 669 614 ψυχῇ
691 576 738 605 τὸν
763 576 847 626 ὅρμον
871 577 1006 627 δεξαμένης

210 621 286 650 Πολυ
304 632 402 658 μεντοι,
424 620 439 654 ἢ
461 617 485 647 δ
503 618 532 650 ὅς
550 618 564 647 ὁ
583 617 715 647 Γλαυκων·
735 619 794 668 ιἐγώ
811 631 862 657 γαρ
881 630 925 647 σοι
941 616 1006 655 ὑπὲρ

212 666 308 692 ἐκείνου
330 661 526 700 αποκρινοῦμαι.
570 668 637 689 xm.
663 660 762 690 Οὐκοῦν
783 662 826 689 καὶ
851 661 881 689 τὸ
909 658 1005 688 ἀκολα-

212 708 323 734 σταίνειν
342 707 389 733 οἶει
408 704 449 732 διὰ
466 704 575 732 τοιαῦτα
593 703 675 731 πάλαι
692 706 836 742 ψέγεσθαι,
855 702 896 731 ὅτι
911 701 1007 730 ἆνίεται

212 752 238 777 ἐν
258 748 293 785 τῷ
310 746 420 784 τοιούτῳ
438 746 468 775 τὸ
487 746 570 774 δεινὸν
586 746 616 774 τὸ
634 749 700 784 μέγα
719 749 798 774 ἐκεῖνο
817 746 861 773 καὶ
877 745 1008 775 πολυειδὲς

211 793 318 828 θρέμμα
336 792 402 827 πέρα
420 789 468 817 τοῦ
486 789 601 821 δέοντοςς
621 789 713 838 Δῆλον,
733 789 788 838 ἔφη.
822 786 858 815 ‘H
873 785 897 815 δ’
915 785 1005 815 αὐθά-

212 834 266 861 δεια
285 833 328 861 καὶ
347 833 463 863 δυςκολία
480 833 588 869 ψέγεται
607 829 655 866 οὐχ
673 830 737 859 ὅταν
754 830 784 858 τὸ
804 836 808 850 ¹
828 829 963 879 λεοντῶδές
979 840 1007 857 τε

211 888 254 903 και
282 873 409 915 ὀφεῶδες
420 872 528 908 αὔξηται
559 873 602 900 καὶ
634 874 792 908 συντείνηται
825 870 1008 925 ἀναρμόστως,-

210 917 289 946 Πανυ
309 919 356 954 μὲν
378 917 431 944 οὐν
477 915 565 953 Τρυφὴ
588 916 615 943 δὲ
636 915 679 943 καὶ
695 916 833 966 μαλθακία
853 912 899 943 οὐκ
918 914 959 941 ἐπὶ
976 912 1008 950 τῇ

212 958 293 988 αυτοῦ
311 958 406 987 τούτου
421 957 532 993 χαλάσει
550 969 577 985 τε
595 970 638 985 και
656 956 742 985 ἀνέσει
757 959 877 995 ψέγεται,
900 955 964 984 ὅταν
982 959 1009 984 ἐν

212 1001 280 1039 αὐτῷ
299 1003 392 1029 δειλίαν
411 1001 517 1050 ἐμποιῇς
546 1001 577 1028 Τί
591 998 654 1037 μήν;
681 1001 813 1028 Κολακεία
836 1000 863 1027 δὲ
885 999 929 1026 καὶ
947 996 1005 1026 ἆνε-

212 1046 335 1081 λευθερία
355 1055 402 1078 ουχ
421 1042 485 1071 ὅταν
502 1054 539 1074 τις
556 1041 586 1070 τὸ
606 1040 670 1071 αὐτὸ
692 1041 784 1075 τοῦτο,
807 1041 837 1070 τὸ
861 1041 1007 1078 θυμοειδές,

210 1086 262 1115 ὑπὸ
281 1086 316 1123 τῷ
335 1084 440 1121 ὀχλώδει
457 1086 543 1122 θηρίῳ
564 1084 640 1121 ποιῇ,
663 1085 706 1112 καὶ
724 1085 795 1112 ἑνεκα
810 1082 949 1122 χρημάτων
965 1083 1009 1111 καὶ

211 1130 256 1164 τῆς
274 1130 370 1157 ἐκείνου
389 1126 532 1162 ἀπληστίας
549 1126 803 1164 προπηλακιζόμενον
819 1128 893 1163 ἐθίζῃ
910 1129 935 1153 ἐκ
950 1128 1009 1154 νέου

215 1170 271 1200 ἇντῖ
292 1173 396 1201 λέοντος
417 1172 534 1205 πίθηκον
555 1171 710 1207 γίγνεσθαις
739 1175 743 1190 ¹
766 1170 822 1197 Καὶ
841 1168 924 1206 μάλα,
953 1169 1008 1220 ἔφη

211 1215 350 1242 Βαναυσία
369 1213 397 1240 δὲ
414 1225 457 1240 και
472 1213 631 1249 χειροτεχνία
650 1211 691 1239 διὰ
710 1213 745 1244 τί,
764 1214 823 1243 οἲει,
847 1210 945 1242 ο’νειδος
960 1212 1007 1246 φέ-

211 1268 262 1308 ρεις
288 1268 304 1306 η
326 1253 355 1283 δι’
374 1254 436 1283 ἄλλο
454 1267 478 1282 τι
496 1253 614 1291 φήσομεν
630 1252 646 1289 ἢ
664 1253 728 1282 ὅταν
745 1265 783 1285 τις
800 1251 915 1284 ἀσθενὲς
931 1251 1009 1289 φύσει

213 1300 257 1335 ἔχῃ
275 1298 305 1326 τὸ
324 1297 372 1326 τοῦ
390 1298 523 1334 βελτίστου
540 1294 615 1329 εἶδος,
635 1295 695 1327 ὦςτε
711 1295 746 1333 μὴ
762 1294 794 1324 ἂν
809 1293 971 1323 δυνασθαι’
960 1293 1007 1332 α’ρ-

211 1353 265 1376 χειν
285 1340 337 1369 τῶν
359 1344 384 1367 ἐν
402 1351 471 1376 αυτῳ
489 1337 661 1376 θρεμματων,
684 1336 749 1366 ἀλλὰ
767 1336 926 1375 θεραπεύειν
944 1340 1007 1365 ἐκεῖ-

212 1396 256 1416 να,
279 1384 323 1411 καὶ
340 1381 372 1410 τὰ
391 1380 557 1419 θωπεύματα
576 1379 660 1409 αὐτῶν
676 1379 759 1418 μόνον
777 1378 881 1415 δύνηται
897 1377 1007 1416 μανθά-

212 1438 275 1459 νειν;
298 1424 406 1457 Ἔοικεν,
430 1425 485 1460 ἔφη
532 1422 632 1452 Οὐκοῦν
652 1424 694 1451 ἵνα
716 1423 760 1451 καὶ
782 1435 795 1450 ο
817 1422 937 1453 τοιοῦτος
956 1420 1009 1449 ὑπὸ

213 1467 306 1506 ομοίου
333 1466 442 1505 α’ρχηται
469 1478 574 1503 οιουπερ
603 1478 616 1494 ο
645 1466 787 1502 βέλτιστος,
815 1465 908 1493 δοῦλον
930 1462 1010 1492 αὐτόν

212 1522 298 1548 φαμεν
319 1511 372 1538 δεῖν
393 1513 457 1537 εἰναι
480 1510 576 1537 ἐκείνου
599 1515 602 1529 ¹
626 1509 672 1537 τοῦ
691 1509 836 1545 βελτίστου,
862 1508 966 1542 ἔχοντος
984 1509 1010 1533 ἐν

213 1552 283 1590 αυτῷ
303 1552 333 1580 τὸ
357 1555 436 1579 θεῖον
458 1550 550 1588 α’ρχον,
574 1549 621 1579 οὐκ
640 1551 681 1578 ἐπὶ
699 1549 782 1587 βλάβῃ
804 1549 835 1587 τῇ
850 1549 898 1577 roi}
916 1547 1010 1577 δούλου

213 1595 329 1633 οιόμενοι
355 1595 407 1622 δεῖν
434 1593 569 1631 α’ρχεσθαι
600 1591 691 1625 αὐτόν,
723 1592 805 1630 ω’ςπερ
833 1590 1009 1629 Θρασύμαχος

213 1637 276 1666 ὤετο
303 1648 364 1668 τους
396 1634 566 1674 ἀρχομένους,
598 1634 650 1663 ἀλλ’
675 1634 709 1667 ὦς
736 1634 841 1672 ἄμεινον
872 1632 902 1662 ὂν
931 1634 1010 1661 παντὶ

212 1680 265 1709 ivn&
287 1681 366 1708 θείου
388 1680 430 1707 καὶ
452 1680 581 1715 φρονίμου
592 1677 746 1729 α’ρχεσθαι,
767 1676 882 1714 μαλιστα
903 1678 950 1714 μὲν
968 1676 1007 1704 οἶ-

213 1726 282 1751 κεῖον
301 1723 405 1758 ἔχοντος
426 1724 452 1749 έν
474 1720 555 1758 αυτῷ,
578 1733 600 1748 ει
619 1722 646 1749 δὲ
661 1733 709 1761 μη,
733 1721 834 1752 ἔξωθεν
856 1718 1009 1756 ἐφεστῶτος,

213 1777 254 1794 ινα
271 1765 308 1796 εἷς
325 1763 431 1802 δύναμιν
447 1774 543 1794 παντες
565 1762 651 1800 ὅμοιοι
668 1763 744 1815 ὦμεν
752 1763 794 1790 καὶ
815 1763 886 1798 φίλοι
908 1761 943 1798 τῷ
962 1759 1009 1788 αὗ-

212 1809 247 1848 τώ
265 1806 461 1859 κυβερνωμενοις
487 1806 544 1834 Καὶ
565 1804 657 1843 ὀρθῶς
672 1817 777 1844 γ,εφη
830 1806 912 1839 Δηλοῖ
929 1804 956 1831 δέ
972 1815 1010 1841 γε,

212 1851 242 1886 ήν
269 1848 292 1877 δ
318 1848 380 1888 ἐγω,
407 1849 450 1876 καὶ
476 1847 490 1876 ὃ
518 1847 609 1885 νόμος,
638 1853 642 1868 ¹
671 1847 710 1876 ὅτι
736 1847 857 1876 τοιοῦτον
883 1844 1009 1883 βούλεται,

212 1892 279 1920 πᾶσι
297 1895 352 1923 τοῖς
370 1895 396 1919 ἐν
413 1892 444 1928 τῇ
462 1889 536 1919 πόλει
554 1889 687 1927 ξύμμαχος
708 1888 753 1918 ὧν·
781 1890 825 1917 καὶ
845 1888 861 1924 ἡ
878 1888 929 1916 τῶν
946 1889 1008 1915 παί-

212 1936 263 1963 δων
289 1947 368 1972 αρχη,
395 1933 425 1962 τὸ
447 1933 481 1971 μὴ
504 1933 549 1961 ἑᾶν
571 1935 725 1970 ελευθέρους
751 1930 827 1964 εἶναι,
855 1931 901 1962 ἕως
927 1929 958 1958 ἄν
986 1934 1011 1958 ἐν

212 1975 302 2008 αὐτοῖς
323 1976 405 2014 ὥςπερ
428 1979 454 2004 ἐν
475 1974 549 2003 πόλει
570 1977 703 2004 πολιτείαν
725 1972 940 2011 καταστήσωμεν,
967 1985 1010 2000 και

213 2019 244 2049 τὸ
267 2020 399 2056 βέλτιστον
422 2016 636 2067 θεραπεύσαντες
657 2022 671 2035 *
692 2018 728 2045 τῶ
750 2014 812 2054 παρ’
835 2015 895 2053 ἡμῖν
920 2014 1009 2044 τοιού-

211 2075 247 2099 τῳ
266 2060 526 2098 ἀντικαταστήσωμεν
543 2059 645 2097 φύλακα
668 2059 761 2098 ὅμοιον
782 2072 826 2087 και
848 2057 962 2096 ἄρχοντα
985 2060 1009 2085 ἐν

213 2103 293 2142 αὐτῷ,
320 2105 364 2132 καὶ
384 2102 444 2132 τότε
467 2103 496 2139 δὴ
510 2102 659 2153 ἳέλεύθερον
686 2101 799 2144 αφίεμεν
844 2103 926 2136 Δηλοῖ
949 2112 1010 2139 γαρ,

212 2148 227 2183 ἠ
245 2145 269 2174 δ’
290 2145 325 2178 ὅς
369 2146 415 2183 Πῇ
437 2145 466 2182 δὴ
489 2146 535 2174 οὐν
556 2144 682 2183 φήσομεν,
705 2157 725 2173 ω
748 2143 877 2176 Γλαυκων,
900 2143 945 2172 καὶ
961 2155 1008 2170 κα-

211 2190 244 2218 τὰ
271 2191 326 2217 τίνα
353 2188 432 2227 λόγον
463 2191 601 2216 λυσιτελεῖν
633 2186 739 2220 ἇδικεῖν,
771 2185 786 2222 ἢ
815 2185 1012 2214 ἀκολασταίνειν

211 2231 226 2267 ἦ
248 2244 272 2260 τι
295 2231 405 2269 αἰσχρὸν
431 2234 527 2264 ποιεῖν,
554 2233 581 2262 ἐξ
602 2232 638 2258 ὠν
658 2228 834 2268 πονηρότερος
858 2231 905 2265 μὲν
929 2229 1009 2260 ἔσται,

627 162 856 187 PLATONIS
890 162 940 187 DE
978 162 1233 188 REPUBLICA
1272 163 1351 188 [AB.

1384 163 1433 188 IX.

1056 241 1133 268 πλείω
1155 241 1182 268 δὲ
1202 240 1320 281 χρήματα
1343 241 1357 277 ἢ
1380 241 1456 277 α’λλην
1478 241 1533 269 τινὰ
1556 239 1662 277 δύναμιν
1687 238 1847 275 κεκτήσεταις

1060 281 1178 318 Οὐδαμῇ,
1206 282 1221 316 ἠ
1243 281 1266 309 δ’
1288 282 1323 314 ὅς.
1366 284 1412 321 Πῇ
1434 282 1458 311 δ’
1479 282 1616 311 ἀδικοῦντα
1643 281 1786 310 λανθάνειν
1806 282 1849 309 καὶ

1055 324 1089 361 μὴ
1116 322 1214 351 διδόναι
1241 325 1310 359 δίκην
1334 327 1483 358 λωσιτελεῖνς
1513 324 1529 361 ἢ
1555 324 1613 360 οὐχὶ
1635 323 1649 352 ὃ
1671 326 1717 361 μὲν
1743 322 1847 352 λανθά-

1057 378 1107 394 νων
1133 371 1138 385 “
1167 366 1202 393 ἔτι
1223 365 1397 404 πονηρότερος
1418 369 1543 405 γίγνεται,
1570 366 1617 395 τοῦ
1640 367 1666 394 δὲ
1687 366 1721 403 μὴ
1744 365 1847 394 λανθά-

1057 418 1148 438 νοντος
1169 408 1213 435 καὶ
1238 410 1409 445 κολαζομένου
1435 409 1464 437 τὸ
1486 412 1533 447 μὲν
1560 408 1688 447 θηριῶδες
1713 410 1850 445 κοιμίζεται

1058 463 1101 478 και
1121 447 1272 487 ἡμεροῦται,
1298 450 1328 478 τὸ
1352 450 1410 478 δὲ
1399 450 1494 488 η’μερον
1517 451 1712 489 ἐλευθεροῦται,
1740 463 1783 478 και
1805 449 1850 486 ὅλη

1057 491 1073 527 ἦ
1093 491 1164 529 ψυχὴ
1185 491 1221 522 εἷς
1242 491 1287 527 τὴν
1309 493 1440 529 βελτίστην
1460 492 1538 529 φύσιν
1559 496 1739 531 καθισταμένη
1762 504 1849 530 τιμιω-

1058 537 1134 571 τέραν
1161 531 1210 565 ἕξιν
1236 533 1369 583 λαμβάνει,
1397 534 1568 586 σωφροσύνην
1593 548 1620 564 τε
1646 537 1689 563 καὶ
1716 533 1849 563 δικαιοσύ-

1058 588 1102 611 νην
1121 575 1187 613 μετὰ
1209 575 1359 628 φρονήσεως
1380 579 1503 613 κτωμένη,
1529 576 1545 613 ἢ
1567 577 1641 615 σῶμα
1665 577 1738 613 ἲσχύν
1759 589 1786 605 τε
1808 577 1850 604 καὶ

1058 617 1152 649 καλλος
1166 618 1233 655 μετὰ
1249 616 1346 656 ὑγιείας
1367 617 1511 655 λαμβανον,
1536 619 1653 656 τοσούτῳ
1676 619 1780 661 ὅσῳπερ
1797 629 1849 657 ψυ-

1056 660 1090 696 χὴ
1118 671 1239 697 σωματος
1265 662 1412 698 τιμιωτέρα,-
1444 660 1607 690 Πανταπασι
1633 665 1679 711 μέν
1705 663 1763 694 οὖν,
1796 662 1851 698 ἔφη.

1061 701 1161 731 Οὐκοῦν
1183 702 1198 731 ὅ
1219 714 1249 740 γε
1271 702 1332 730 νοῦν
1354 703 1418 738 ἔχων
1438 701 1524 731 πάντα
1548 709 1551 724 ¹
1574 703 1607 732 τὰ
1631 703 1711 732 αὑτοῦ
1732 704 1768 736 εἷς
1789 703 1849 732 τοῦ-

1058 757 1088 773 το
1107 746 1235 777 ξυντείνας
1253 744 1384 781 βιωσεται,
1407 745 1511 783 πρῶτον
1531 748 1577 783 μὲν
1598 745 1630 774 τὰ
1647 745 1796 796 μαθήματα
1813 758 1850 774 τι-

1056 788 1124 825 μῶν,
1148 786 1164 814 ἅ
1186 799 1307 822 τοιαυτην
1330 785 1411 815 αὐτοῦ
1432 787 1477 823 τὴν
1497 787 1582 825 ψυχὴν
1605 786 1792 826 ἄπεργασεται,
1820 787 1852 816 τὰ

1059 831 1086 858 δὲ
1113 827 1164 857 ἁλλ’
1189 827 1328 866 ἆτιμαζωνς
1362 829 1458 865 Δῆλον,
1487 831 1541 866 ἔφη.
1580 828 1684 858 Επειτα
1711 829 1744 863 δ’,
1771 828 1852 863 εἷπον,

1058 872 1104 907 τὴν
1120 871 1169 900 τοῦ
1187 870 1308 909 σώματος
1329 872 1379 903 ἕξιν
1400 872 1444 899 καὶ
1464 872 1564 909 τροφὴν
1586 870 1634 908 οὔχ
1656 871 1726 904 ὅπως
1747 872 1778 909 τῇ
1797 876 1852 908 θη-

1059 913 1143 952 ριωδει
1169 915 1212 942 καὶ
1234 912 1325 964 αλόγῳ
1341 913 1420 951 ἦδονῆ
1443 917 1582 952 ἐπιτρέψας
1603 915 1720 943 ἐνταῦθα
1742 926 1852 952 τετραμ-

1057 959 1134 994 μένος
1159 955 1240 991 ζήσει,
1273 954 1325 984 αλλ’
1350 954 1410 985 ουδὲ
1439 956 1506 1008 πρὸς
1529 956 1628 995 ὑγίειαν
1654 957 1764 994 βλέπων,
1795 955 1855 985 οὐδὲ

1059 999 1137 1028 τοῦτο
1168 998 1335 1052 πρεσβεύων,
1362 998 1433 1030 ὅπως
1462 999 1569 1047 ἰσχυρὸς
1597 998 1613 1035 ἢ
1638 997 1710 1037 ὑγιὴς
1735 998 1750 1035 ἢ
1777 997 1856 1048 καλὸς

1060 1043 1144 1074 ἔσται,
1172 1040 1217 1069 ἐὰν
1236 1040 1271 1078 μὴ
1292 1053 1336 1069 και
1363 1041 1542 1079 σωφρονήσειν
1560 1044 1638 1079 μέλλῃ
1662 1039 1705 1069 ἀπ’
1730 1039 1825 1074 αὐτῶν,
1849 1047 1853 1062 ¹

1060 1082 1112 1111 ἀλλ’
1133 1082 1174 1111 ἀεὶ
1194 1083 1240 1119 τὴν
1261 1087 1287 1111 ἐν
1308 1083 1344 1121 τῷ
1366 1083 1465 1121 σώματι
1488 1082 1615 1122 αρμονίαν
1636 1083 1680 1120 τῆς
1701 1086 1728 1112 ἐν
1748 1083 1779 1121 τῇ
1801 1093 1853 1121 ψυ-

1056 1126 1091 1164 χῇ
1119 1126 1190 1154 ἕνεκα
1216 1127 1363 1167 ξυμφωνίας
1389 1124 1581 1164 αρμοττόμενος
1606 1129 1733 1163 φανεῖται.
1776 1131 1853 1154 Παν-

1058 1180 1160 1197 ταπασι
1175 1170 1222 1205 μὲν
1240 1169 1297 1200 οὖν,
1321 1169 1380 1204 ἔφη,
1404 1167 1497 1206 ἑανπερ
1514 1171 1592 1206 μέλλη
1609 1168 1641 1206 τῇ
1660 1167 1772 1217 ἀληθείᾳ
1787 1180 1853 1206 μου-

1060 1210 1132 1242 σικὸς
1148 1209 1220 1239 εἶναι
1266 1209 1376 1243 Οὐκοῦν,
1394 1209 1479 1244 εἶπον,
1502 1223 1546 1238 και
1566 1210 1612 1246 τὴν
1633 1213 1659 1239 ἐν
1675 1211 1707 1248 τῇ
1724 1210 1776 1239 τῶν
1790 1222 1854 1248 χρη-

1058 1252 1148 1291 μάτων
1173 1251 1260 1288 κτήσει
1285 1252 1404 1285 ξύνταξίν
1428 1265 1455 1281 τε
1481 1253 1525 1281 καὶ
1550 1254 1710 1290 ξυμφωνίανς
1741 1253 1785 1281 καὶ
1810 1252 1857 1281 τὸν

1061 1294 1141 1334 ὄγκον
1162 1294 1210 1323 τοῦ
1230 1293 1351 1330 πλήθους
1373 1293 1419 1323 οὐκ
1442 1294 1644 1333 ἐκπληττόμενος
1663 1293 1716 1323 ὑπὸ
1739 1294 1787 1324 τοῧ
1806 1294 1856 1323 τῶν

1059 1337 1162 1366 πολλῶν
1182 1337 1349 1375 μακαρισμοῦ
1372 1336 1481 1375 α’πειρον
1503 1336 1619 1373 αυξήσει,
1647 1336 1780 1375 ἀπέραντα
1806 1349 1854 1366 κα-

1059 1379 1092 1408 κὰ
1116 1381 1191 1416 ἔχων,-
1216 1378 1268 1408 Οὖκ
1291 1392 1387 1417 οιομαι,
1410 1381 1465 1416 έφη.
1509 1378 1571 1409 Am?
1592 1378 1747 1417 ἀποβλέπων
1762 1391 1800 1419 γε,
1818 1377 1854 1408 εἶ·
1868 1380 1883 1409 Ϊ

1059 1434 1123 1455 πον,
1152 1428 1155 1443 ¹
1183 1422 1250 1460 πρὸς
1270 1422 1315 1457 τὴν
1337 1425 1363 1450 ἐν
1384 1421 1454 1460 αὖτῷ
1474 1424 1617 1455 πολιτείαν,
1644 1435 1688 1451 και
1713 1421 1855 1459 φυλαττων,

1059 1463 1094 1502 μή
1116 1477 1140 1493 τι
1161 1464 1291 1502 παρακινῇ
1314 1476 1395 1493 αυτου
1416 1464 1467 1493 τῶν
1493 1468 1544 1493 ἐκεῖ
1569 1464 1611 1493 διὰ
1636 1464 1743 1501 πλῆθος
1766 1462 1858 1496 ουσίας

1059 1506 1075 1543 ἢ
1097 1505 1126 1535 δι’
1148 1505 1298 1545 ολιγότητα,
1321 1519 1388 1535 ουτω
1406 1507 1547 1558 κυβερνων
1557 1506 1720 1558 προςθήσέιῗ
1726 1519 1769 1535 και
1791 1505 1855 1536 ἅνα-

1060 1549 1136 1578 λώσει
1162 1550 1206 1585 τῆς
1231 1548 1323 1581 οὐσίας
1349 1547 1413 1577 καθ’
1437 1550 1504 1578 ὅσον
1530 1562 1563 1578 αν
1583 1548 1639 1582 οἶός
1659 1547 1679 1578 τ’
1703 1550 1726 1587 ᾖ.
1768 1554 1855 1587 Κομι-
1880 1575 1881 1578 ,

1061 1592 1092 1629 δῇ
1108 1594 1155 1629 μὲν
1173 1592 1231 1624 οὖν,
1255 1592 1309 1628 ἔφη.
1352 1591 1427 1620 Ἀλλὰ
1447 1592 1499 1630 μὴν
1519 1605 1563 1620 και
1583 1603 1659 1630 τιμας
1674 1603 1717 1631 γε,
1739 1592 1776 1624 εἶς
1792 1604 1855 1620 ταυ-

1060 1634 1106 1662 τὸν
1124 1632 1286 1671 ἀποβλέπων,
1305 1638 1318 1652 *
1335 1646 1386 1662 των
1401 1637 1449 1672 μὲν
1464 1637 1571 1672 μεθέξει
1588 1635 1632 1663 καὶ
1648 1646 1769 1673 γευσεται
1785 1632 1857 1667 ἑκων,

1062 1676 1092 1708 οἷς
1114 1675 1146 1705 ἄν
1166 1675 1259 1715 ἡγῆται
1283 1674 1376 1714 ἀμείνω
1399 1676 1479 1705 αὑτὸν
1504 1676 1634 1713 ποιήσειν,
1662 1675 1693 1709 ἃς
1714 1675 1739 1705 δ’
1759 1675 1791 1705 ἂν
1812 1675 1855 1705 λυ-

1061 1731 1115 1748 σειν
1137 1718 1182 1754 τὴν
1202 1731 1376 1757 υπαρχουσαν
1397 1720 1458 1753 ἕξιν,
1485 1719 1606 1756 φεύξεται
1633 1719 1685 1756 ἰδίᾳ
1711 1720 1754 1748 καὶ
1776 1720 1855 1757 δημο-

1061 1763 1112 1798 σίᾳ

1061 1816 1123 1837 τειν,
1153 1803 1245 1842 ἐανπερ
1267 1815 1362 1833 τουτου
1383 1803 1496 1841 κήδηται.
1542 1804 1586 1840 Νὴ
1607 1804 1654 1833 τὸν
1675 1803 1751 1837 κύνα,
1777 1805 1808 1840 ἠν
1831 1802 1856 1831 δ’

1062 1846 1123 1885 ἐγω,
1152 1847 1178 1874 ἕν
1202 1858 1232 1885 γε
1258 1846 1290 1884 τῇ
1316 1847 1411 1875 ἑαυτοῦ
1435 1846 1510 1876 πόλει
1535 1859 1580 1875 και
1604 1846 1687 1884 μαλα,
1715 1845 1746 1875 οὗ
1770 1849 1858 1884 μέντοι

1061 1891 1124 1920 ἴσως
1146 1890 1171 1917 ἕν
1191 1900 1221 1927 γε
1241 1888 1273 1926 τῇ
1295 1890 1410 1931 πατρίδι,
1435 1889 1479 1917 ἐὰν
1499 1889 1534 1926 μὴ
1552 1891 1616 1918 θεία
1634 1900 1672 1921 τις
1689 1889 1771 1927 ξυμβῇ
1788 1901 1858 1925 τυχη.

1062 1930 1219 1964 Μανθανω,
1247 1932 1306 1968 ἔφη·
1334 1934 1360 1960 ἐν
1369 1933 1402 1970 ᾑ
1428 1931 1474 1960 νῦν
1500 1932 1529 1967 δὴ
1552 1930 1707 1985 διήλθομεν
1723 1932 1859 1964 οικίζοντες

1061 1973 1136 2002 πόλει
1153 1976 1244 2012 λέγεις,
1265 1973 1297 2011 τῇ
1321 1977 1347 2002 ἐν
1364 1965 1451 2012 λόγοις
1468 1977 1579 2012 κειμένη,
1603 1975 1658 2003 ἐπεὶ
1674 1973 1723 2028 γῆς
1737 1986 1767 2013 γε
1786 1979 1791 1995 ¹
1810 1986 1855 2002 ου-

1062 2015 1146 2054 ὅαμοῦ
1169 2014 1242 2045 οἶιιαι
1264 2014 1343 2052 αὐτὴν
1363 2028 1435 2045 ειναι
1478 2015 1550 2050 Ἀλλ’,
1577 2029 1608 2052 ην
1629 2015 1653 2044 δ’
1674 2015 1736 2055 ἐγω,
1763 2019 1790 2044 ἐν
1810 2014 1856 2045 οὗ-

1061 2058 1131 2097 ρανῷ
1149 2061 1212 2090 ἴσως
1227 2057 1393 2097 παράδειγμα
1417 2057 1548 2087 ανάκειται
1569 2059 1605 2097 τῷ
1626 2060 1771 2096 βουλομένῳ
1793 2056 1860 2096 ὖρᾶν

1061 2114 1105 2129 και
1127 2100 1219 2153 ορῶντι
1240 2100 1334 2129 ἑαυτὸν
1354 2103 1510 2134 κατοικίζειν.
1538 2102 1651 2139 διαφέρει
1673 2102 1700 2130 δὲ
1718 2100 1793 2152 οἰζδὲν
1808 2103 1858 2129 εἴτε

1061 2155 1114 2172 που
1137 2145 1206 2172 ἔστιν
1227 2146 1277 2171 εἴτε
1300 2144 1383 2171 ἔσται
1408 2143 1439 2172 τὰ
1461 2143 1513 2182 γὰρ
1531 2156 1625 2180 ταυτης
1640 2142 1721 2181 μόνης
1738 2142 1770 2171 ἂν
1787 2141 1856 2181 πρά-

1062 2189 1133 2219 ξειεν,
1153 2185 1229 2221 α’λλης
1247 2186 1273 2214 δὲ
1292 2184 1418 2223 οὐδεμιᾶς.
1465 2185 1541 2218 Εἰκός
1557 2200 1591 2226 γ,
1611 2188 1664 2223 ἔφη

922 2441 1145 2456 ⁴<mv-a>—

1160 1759 1211 1790 Οὐκ
1230 1760 1294 1799 α’ρα,
1318 1763 1378 1798 ἐφη,
1400 1761 1433 1790 τιὶ
1450 1774 1480 1801 γε
1497 1761 1616 1791 πολιτικὰ
1635 1761 1756 1797 ἐθελήσει
1772 1760 1856 1803 πράτ-
1874 1782 1878 1785 ,

1883 1638 1920 1656 592
