1998 3084
135 1771 172 1788 610

198 152 246 181 380

198 247 221 262 τι
239 234 338 263 τούτων
359 234 538 269 προςγὲνηιαι,
560 230 675 267 πονηρόν
697 242 724 259 τε
746 233 817 259 ποιεῖ
834 226 854 267 ᾦ
871 233 993 268 προςεγέ-

199 288 268 308 ιειο,
292 287 334 304 και
357 274 478 301 τελευτῶν
500 273 561 301 ολον
579 274 675 300 διέλυσε
698 274 740 300 καὶ
760 270 905 304 άπωλεσενς
932 272 995 303 ΙΙῶς

197 320 247 357 γὰρ
266 318 309 351 οὓς
339 316 374 344 Τὸ
394 314 526 352 ξυμφυτον
548 313 609 363 α’ρα,Ι
617 314 698 342 κακὸν
715 313 827 342 ἑκάστου
849 315 892 341 καὶ
909 312 925 349 ἡ
942 325 993 342 πο-

199 363 270 398 7ηριά
289 360 399 388 ἕκαστον
418 356 571 389 ἀπόλλυσιν,
594 355 609 391 ἢ
631 356 654 384 εἰ
669 355 705 393 μὴ
722 356 801 385 τοῦτο
821 354 925 388 ἀπολεῖ,
949 354 995 384 οῦκ

199 403 230 431 ἄν
253 401 314 430 ἄλλο
335 412 366 438 γε
389 397 452 427 αὐτὸ
477 401 512 427 ἑτι
540 405 543 419 ¹
571 400 766 439 διαφθείρειεν.
783 396 814 426 οὗ
835 397 887 436 γὰρ
909 396 940 426 τό
965 409 996 436 γε

199 444 308 483 ἀγαθὸν
323 442 358 481 μή
375 444 440 470 ποτέ
457 454 481 469 τι
499 439 628 478 απολὲσῃ,
652 440 711 469 οῦδὲ
734 441 766 468 αὖ
788 440 817 468 τὸ
835 438 898 477 μήτε
916 440 996 468 κακὸν

195 486 258 524 μήτε
278 484 394 524 ἅγαθόι.
438 483 502 515 Πῶς
518 483 569 525 γὰρ
589 482 633 517 div,-
657 484 711 534 ἔφη.
754 481 814 511 Ἐὰν
836 481 888 520 ἆρα
910 494 934 510 τι
951 480 994 510 εὖ-

197 531 324 567 ρίσκωμεν
344 527 396 556 τῶν
417 525 510 559 όντων,
532 527 551 563 ᾠ
575 527 629 554 ἐστι
649 528 696 563 μέν
713 524 801 558 κακόν,
826 524 841 553 ὃ
858 528 930 553 ποιεῖ
947 522 994 552 αὗ-

198 571 228 600 τὸ
248 569 401 619 μοχθηρόν,
428 569 506 597 τοῦτο
527 570 615 606 μέντοι
638 566 685 617 οὐχ
711 567 768 596 οἶόν
789 579 816 595 τε
839 565 902 595 αὐτὸ
929 565 997 595 λύειν

199 611 341 645 ιιπολλυον,
364 610 410 640 οὐκ
428 610 475 646 η’δη
493 609 637 659 εἰσόμεθα,
662 610 701 638 ὅτι
718 610 766 638 τοῦ
783 608 931 646 πεφυκότος
949 607 994 637 οὗ-

198 667 247 687 τως
265 654 379 693 ὄλεθρος
398 652 444 682 οῦκ
461 654 503 689 ἠν,
529 652 622 685 Ου’τως,
647 654 702 689 ἔφη,
721 651 796 683 εἶκός.
842 653 873 679 Τί
891 652 948 684 οὐνς
966 652 998 687 ἠν

199 697 222 726 δ
243 697 303 737 ἐγώ
330 696 402 735 ψυχῇ
430 694 468 733 ἄρ’
494 693 540 724 οῦκ
567 696 636 723 ἔστιν
662 694 677 723 ὅ
704 698 774 723 ποιεῖ
800 692 879 730 αὐτὴν
904 692 996 729 κακήν,-

198 741 252 769 Και
268 739 337 778 μαλ,
357 741 412 776 ἔφη,
433 737 449 766 ἆ
468 738 512 766 νῦν
530 738 559 773 δὴ
578 738 666 775 διῇμεν
682 749 781 769 παντα,
806 735 891 764 ἀδικία
908 748 936 764 τε
953 736 997 764 καὶ

199 790 203 804 ¹
224 781 352 811 ἀκολασία
378 782 421 809 καὶ
448 781 526 808 δειλία
552 781 596 808 καὶ
622 778 736 817 ἀμαθία.
780 780 814 807 ’H
829 779 875 807 οὐν
892 791 916 807 τι
934 777 995 806 τού-

198 838 248 853 των
271 823 350 859 αὐτὴν
371 822 466 852 διαλύει
488 835 515 851 τε
536 823 580 850 καὶ
608 820 747 855 &now-vm,-
774 822 818 849 καὶ
845 820 936 853 ἐννόει,
961 820 997 858 μὴ

199 866 407 904 έξαπατηθωμεν
433 865 568 900 οἷηθε7τες
594 864 641 892 τὸν
668 863 757 892 ὅίδικον
784 863 931 901 ἄνθρωπον
954 863 998 891 καὶ

199 909 317 946 ανόητον,
346 908 410 937 ὅταν
432 908 524 944 ληφθῇ
548 905 652 939 αδικῶν,
680 906 739 934 τότε
763 904 923 934 απολωλέναι
944 904 997 933 ὑπὸ

198 963 242 1001 της
269 950 379 983 ἀδικίας,
406 952 532 999 πονηρίας
554 960 634 984 ουσης
655 949 746 986 ψυχῆς,
774 947 826 976 ἀλλ’
847 949 895 976 ὠδε
917 950 997 976 ποίει

198 994 280 1032 ω’ςπερ
308 994 383 1031 σῶμα
405 992 420 1028 ἦ
443 992 565 1029 σώματος
591 993 702 1029 πονηρία
730 990 809 1022 νόσος
836 991 904 1019 οὐσα
930 989 999 1025 τήκει

197 1038 240 1065 καὶ
258 1035 372 1065 διόλλυσι
389 1048 432 1063 και
455 1033 512 1083 α’γει
533 1035 569 1065 εἷς
590 1033 620 1062 τὸ
640 1034 703 1071 μηδὲ
727 1034 802 1070 σῶμα
824 1031 897 1066 εἶναι,
919 1045 963 1060 και
982 1030 999 1059 α

198 1079 243 1108 νῦν
265 1078 294 1114 δὴ
318 1080 436 1117 ἐλέγομεν
459 1078 563 1105 ἅπαντα
580 1076 633 1104 ὑπὸ
655 1077 699 1112 τῆς
722 1076 818 1107 οικείας
834 1077 936 1108 κακίας,
963 1075 998 1112 τῷ

197 1121 412 1159 προςκαθῆσθαι
431 1126 435 1140 ¹
455 1121 498 1148 καὶ
517 1122 608 1147 ἐνεῖναι
627 1117 843 1156 διαφθειρούσης,
862 1118 898 1149 εἷς
915 1117 945 1146 τὸ
963 1117 998 1154 μὴ

198 1163 263 1192 εἶναι
286 1162 429 1200 ἀφικνεῖται
447 1179 487 1183 —-
507 1160 555 1197 οὐχ
578 1161 670 1194 οὑτως,-
700 1162 763 1188 Ναί.
803 1159 859 1188 ,Ἰθι
886 1159 928 1195 δή,
955 1160 999 1187 καὶ

197 1206 283 1244 ψυχὴν
300 1218 366 1234 κατα
386 1205 432 1233 τὸν
447 1203 527 1233 αὑτὸν
545 1203 645 1241 τρόπον
664 1202 767 1231 σκόπει
788 1198 839 1241 ἆρα
858 1203 954 1231 ἐνοῦσα
973 1205 999 1229 ἐν

199 1248 264 1286 αῦτῆ
284 1247 368 1276 ἆδικία
387 1261 431 1276 και
448 1246 463 1283 ἡ
479 1246 545 1296 ἄλλη
563 1248 639 1273 κακία
658 1247 693 1282 τῷ
712 1249 804 1273 ἐ7εἶναι
821 1246 865 1273 καὶ
881 1255 997 1282 προςκα-

198 1292 310 1327 θῆσθαι
330 1292 436 1328 φθείρει
455 1288 533 1322 αὐτην
551 1289 594 1316 καὶ
610 1290 741 1340 μαραίνει,
769 1288 815 1319 ἕως
837 1286 869 1315 ἂν
886 1287 923 1318 εἰς
940 1285 997 1315 θα-

198 1346 277 1362 νατον
296 1332 436 1371 ἀγαγοῦσα
454 1332 502 1360 τοῦ
520 1330 642 1368 σώματος
657 1332 772 1368 χωρίσῃς
793 1328 951 1370 Ουδαμῶς,’
943 1331 998 1377 ἔφη,

198 1374 277 1404 τοῦτο’
294 1375 450 1414 γε.3ν1λλὰ
466 1377 555 1412 μέιτοι
574 1372 654 1401 ἐκεῖνό
672 1385 702 1422 γε
722 1371 828 1411 α’λογον,
846 1372 877 1408 ἠν
895 1370 919 1399 δ’
941 1371 998 1410 ἐγώ,

198 1418 243 1454 τὴν
263 1421 310 1456 μὲν
333 1416 412 1446 α’λλου
433 1418 561 1454 πονηρίαν
584 1414 727 1443 ἀπολλυναι
749 1427 785 1447 τι,
808 1415 854 1450 τὴν
872 1415 899 1442 δὲ
918 1412 1000 1442 αὑτοῦ

197 1461 239 1499 μή.
279 1460 397 1499 Ἀλογον.
440 1458 534 1487 Ἐινόει
554 1470 618 1497 γαρ,
645 1459 676 1493 ἠν
697 1456 721 1485 δ
742 1456 802 1496 ἐγω,
830 1469 850 1485 ω
868 1455 999 1489 Γλαυκων,

200 1511 204 1524 ¹
225 1503 264 1532 ὅτι
283 1501 339 1532 οῦδ
358 1501 410 1531 ’ὑπὸ
430 1502 474 1538 τῆς
495 1501 546 1530 τῶν
568 1502 655 1529 σιτίων
672 1502 809 1538 πονηρίας,
831 1498 846 1535 ἢ
866 1498 898 1527 ἂν
914 1500 931 1536 ἡ
951 1497 998 1526 αὖ-

199 1546 250 1574 τῶν
272 1547 382 1578 ἐκείνων,
405 1547 455 1573 εἴτε
477 1542 621 1578 παλαιότης
642 1545 691 1571 εἴτε
711 1541 846 1580 σαπρότης
863 1554 913 1570 ειτε
930 1540 998 1577 ἣτις-

200 1588 246 1617 οῦν
265 1589 341 1621 οὐσα,
365 1586 411 1616 οὐκ
435 1586 552 1624 οἰόμεθα
576 1587 629 1614 δεῖν
648 1585 723 1623 σῶμα
743 1583 924 1613 ἀπόλλυσθαι·
946 1582 998 1612 αλλ’

199 1630 244 1659 ἐαι
264 1633 311 1668 μὲν
338 1630 432 1679 ἐμποιη
458 1629 473 1664 ἡ
501 1627 585 1657 αὐτῶν
611 1630 734 1666 πονηρία,
763 1627 813 1656 τῶν
840 1629 938 1660 σιτίων,
965 1627 1000 1663 τῷ

199 1686 300 1711 σωματι
319 1672 440 1710 σώματος
456 1672 621 1709 μοχθηρίαν,
643 1682 762 1708 φησομεν
784 1668 848 1698 αὐτὸ
868 1668 897 1697 δι’
918 1673 1000 1698 ἐκεῖνα

197 1716 250 1744 ὑπὸ
270 1716 313 1751 τῆς
333 1716 413 1743 αὑτοῦ
431 1717 522 1745 κακίας
539 1712 622 1743 νόσου
645 1712 725 1748 οὔσης
748 1711 919 1741 ἀπολωλέναι·
947 1711 999 1740 ὑπὸ

199 1760 225 1787 δὲ
245 1760 332 1787 σιτίων
349 1759 474 1795 πονηρίας
497 1756 579 1785 ἄλλων
601 1755 683 1785 ὅντων
705 1754 767 1784 ἄλλο
787 1759 799 1773 *
819 1754 848 1783 ὂν
866 1754 896 1784 τὸ
916 1755 1000 1792 σῶμα,

197 1799 239 1829 ὑπ’
266 1800 402 1838 ἀλλοτρίου
429 1800 511 1828 κακοῦ
539 1799 574 1836 μὴ
602 1797 794 1836 ἐμποιήσαντος
824 1796 854 1826 τὸ
887 1798 1001 1834 ἔμφυτον

199 1843 290 1876 κακόν,
318 1841 443 1872 οὐδέποτε
465 1841 612 1879 ἀξιώσομεν
638 1842 857 1890 διαφθείρεσθαι.
898 1838 999 1878 Ὀρθό-

199 1899 246 1914 τατ
272 1884 311 1918 α’7,
331 1887 386 1922 ἔφη,
405 1887 495 1924 λέγοις.
540 1891 572 1912 Χ.
590 1884 669 1912 Κατὰ
688 1882 735 1912 τὸν
753 1882 833 1911 αὐτὸν
851 1884 937 1911 τοίνυν
954 1880 999 1910 λό-

199 1941 258 1967 γον,
281 1930 312 1963 η’ν
333 1927 357 1955 δ
378 1932 439 1966 ἐγω,
463 1927 508 1955 ἐὰν
528 1927 564 1965 μὴ
586 1925 707 1964 σώματος
728 1928 840 1963 πονηρία
858 1926 929 1963 ψυχῆ
947 1935 999 1962 ψυ-

198 1971 245 2006 χῆς
263 1973 389 2008 πονηρίαι
405 1971 511 2008 ἐμποιῇ,
533 1982 568 2007 μη
590 1981 655 1998 ποτε
674 1967 785 2006 αξιῶμεν
801 1966 843 1996 ῦπ
865 1966 1002 2005 ἀλλοτρίου

200 2015 281 2042 κακοῦ
301 2025 361 2041 α7ευ
378 2024 422 2065 της
440 2013 506 2044 ἰδίας
522 2014 648 2050 πονηρίας
666 2011 750 2049 ψυχὴν
769 2010 947 2043 απόλλυσθαι,
967 2010 1001 2047 τῷ

200 2058 289 2094 ἑτέρου
306 2057 375 2093 κακῷ
394 2057 489 2093 ἕτερον.
529 2053 596 2090 Εχει
613 2054 672 2103 γάρ,
693 2055 749 2090 ἔφη,
765 2052 852 2092 λόγον.
893 2052 930 2080 ’Ἠ
945 2054 1000 2081 τοί-

200 2111 245 2127 νυν
262 2099 344 2127 ταῦτα
364 2101 542 2137 ἐξελέγξωμεν,
565 2097 606 2126 ὅτι
628 2096 659 2125 οὐ
682 2097 765 2145 καλοξς
786 2098 904 2134 λέγομεν,
923 2108 939 2131 η
957 2095 1002 2126 ἕως

203 2140 234 2169 ἄν
257 2148 261 2162 ⁸
284 2142 300 2179 ᾑ
323 2139 473 2180 ανέλεγκτα,
493 2153 529 2178 μη
551 2152 616 2168 ποτε
633 2140 722 2189 φῶμεν
739 2137 791 2167 ὑπὸ
810 2138 923 2176 πυρετοῦ
939 2135 1000 2189 μηδ

202 2197 234 2212 av
251 2182 294 2212 ῦπ
316 2183 391 2232 ἄλλης
408 2183 491 2212 νόσου
507 2181 568 2220 μηδ
590 2183 623 2211 αὖ
639 2181 692 2210 ὑπὸ
712 2181 827 2219 σφαγῆς,
845 2179 906 2218 μηδ
926 2184 952 2208 εἰ
966 2191 1003 2211 τις

202 2226 217 2255 ὅ
234 2239 258 2254 τι
277 2226 437 2264 σμικρότατα
457 2226 519 2255 ὅλον
537 2226 566 2254 τὸ
587 2224 663 2263 σῶμα
681 2227 829 2261 κατατέμοι,
849 2224 920 2251 ἕνεκα
938 2221 1000 2251 του-

201 2281 252 2298 των
271 2270 350 2306 μηδὲν
369 2269 468 2306 μᾶλλον
489 2280 553 2297 ποτε
575 2267 661 2306 ψυχὴν
685 2265 868 2298 ἀπόλλυσθαι,
891 2278 952 2303 πριν
971 2277 1003 2292 αν

200 2323 238 2343 τις
257 2310 389 2360 ἇποδείξη,
408 2310 442 2343 ὦς
460 2310 500 2339 διὰ
519 2311 602 2339 ταῦτα
620 2310 653 2339 τὰ
660 2308 822 2363 παθηματα
844 2308 891 2336 τοῦ
910 2307 1000 2345 σώμα-

201 2365 246 2386 τος
264 2366 328 2389 αυτη
351 2356 429 2389 ἐκεί7η
458 2352 598 2391 ἀδικωτέρα
624 2353 668 2382 καὶ
691 2351 851 2389 ανοσιωτέρα
875 2352 1000 2389 γίγνεται·

203 2395 339 2434 ἀλλοτρίου
358 2397 384 2424 δὲ
402 2397 483 2424 κακοῦ
507 2400 533 2424 ἐν
556 2395 623 2433 α’λλῳ
640 2397 802 2434 γιγνομένου,
826 2394 872 2422 τοῦ
892 2394 918 2421 δὲ
937 2393 1003 2421 ἶδίου

201 2438 302 2476 ἑκάστῳ
319 2439 354 2477 μὴ
373 2441 562 2488 ἐγγιγνομένου,
580 2439 642 2475 μήτε
660 2438 746 2476 ψυχὴν
762 2436 825 2474 μήτε
845 2434 907 2464 ἄλλο
925 2437 1003 2474 μηδὲν

204 2488 207 2502 ¹
228 2482 307 2519 ἐῶμεν
324 2494 406 2518 φαναι
428 2482 484 2509 τινα
508 2480 687 2509 απόλλυσθαι.
730 2479 806 2508 Λλλὰ
826 2481 922 2516 μέντοι,
946 2480 1002 2516 ἔφη,

201 2524 282 2553 τοῦτό
303 2536 333 2564 γε
357 2522 439 2555 οὐδείς
460 2535 525 2552 ποτε
547 2524 633 2557 δείξει,
656 2522 691 2555 ὦς
707 2522 759 2551 τῶν
777 2521 1004 2557 ἀποθνησκόντων

203 2566 354 2605 αδικώτεραι
373 2567 401 2595 αἱ
417 2567 501 2604 ψυχαὶ
519 2565 560 2594 διὰ
579 2566 626 2594 τὸ7
643 2565 767 2594 θάνατον
783 2567 924 2616 γίγνοιται.
944 2563 1004 2593 Ἐὰν

202 2612 229 2638 δέ
245 2612 276 2649 γε’
292 2621 343 2659 'usu‘
364 2611 426 2646 ἔφην
444 2608 506 2648 ἐγω,
531 2607 612 2646 ὁμόσε
631 2609 666 2646 τῷ
688 2608 755 2646 λόγῳ
778 2607 860 2645 τολμᾷ
879 2607 942 2636 ιέναι
960 2608 1004 2636 καὶ

202 2656 294 2691 λέγειν,
325 2663 360 2684 ως
389 2651 566 2703 πονηρότερος
597 2652 639 2679 καὶ
668 2650 821 2700 (ιδικώτερος
847 2649 961 2688 γίγιεται
989 2648 1002 2678 ὃ

874 151 1169 178 PLATONIS

1046 230 1133 267 ψυχας
1155 230 1303 269 ὁμολογεῖν,
1332 230 1476 268 ἀξιώσομέν
1498 243 1562 263 που,
1586 232 1607 259 εἰ
1631 229 1719 265 αληθῆ
1732 233 1805 280 λέγει
1828 228 1842 258 6

1047 273 1129 300 ταῦτα
1147 275 1238 317 λέγων,
1260 273 1306 308 τὴν
1328 273 1428 301 αδικίιιν
1449 272 1513 301 εἶναι
1537 274 1690 310 θαιασιμον
1708 285 1742 310 τω
1762 274 1844 308 ἔχοντι

1047 314 1129 351 ὥςπερ
1152 325 1245 347 νοσον,
1272 315 1316 343 και
1335 313 1378 343 ὑπ’
1399 321 1403 336 ¹
1424 314 1506 344 αυτοῦ
1526 315 1622 345 τούτου
1644 313 1844 345 ἀποκτιννύντος

1047 357 1078 393 τῇ
1097 356 1191 384 ἑαυτοῦ
1209 355 1286 392 φύσει
1309 356 1489 393 ἀποθνήσκειν
1510 358 1571 390 τοὺς
1593 356 1772 399 λαμβάνοντας
1795 355 1842 384 αὐ-

1047 397 1086 430 τό,
1105 397 1166 429 τοὺς
1181 400 1229 435 μὲν
1243 397 1358 435 μάλιστα
1375 399 1492 432 θᾶττον,
1514 400 1576 432 τοὺς
1597 398 1620 428 δ
1640 401 1717 435 ἦττον
1736 400 1842 434 σχολαί-

1048 452 1131 477 τερον,
1151 438 1215 467 ἆλλὰ
1235 439 1283 477 μή,
1306 440 1388 478 ω’ςπερ
1410 442 1455 469 νῦν
1477 442 1518 469 διὰ
1541 442 1619 471 τοῦτο
1641 440 1683 470 ὑπ’
1704 440 1788 469 ἄλλων
1805 442 1844 468 δι’·

1047 494 1092 518 um
1111 484 1279 510 ἐπιτιθέντων
1302 480 1520 518 ἀποθνησκουσιν
1542 485 1568 513 οἱ
1586 483 1677 512 ἄδικοι.
1721 483 1773 511 Μὰ
1792 481 1833 510 Δί’
1837 504 1844 516 ,

1046 524 1062 559 ἠ
1081 522 1104 551 δ’
1125 523 1161 557 ὅς,
1181 522 1227 553 οῦκ
1246 536 1298 562 αρα
1315 524 1452 553 πανδεινον
1469 530 1588 562 φανεῖται
1606 539 1621 562 η
1638 526 1730 574 ἀδικία,
1748 525 1771 554 εἷ
1786 529 1843 553 θα-

1047 565 1160 604 νάσιμον
1182 567 1256 595 ἔσται
1276 567 1313 604 τῷ
1334 566 1501 604 λαμβάνοντι·
1530 569 1666 607 ἀπαλλαγὴ
1688 568 1740 606 γαρ
1759 566 1791 596 ἇν
1808 570 1846 603 εἴη

1047 609 1143 637 κακῶν·
1176 607 1240 637 ἀλλὰ
1266 609 1366 646 μᾶλλον
1392 613 1464 646 οἶμαι
1491 609 1570 646 αυτὴν
1594 610 1766 647 φανήσεσθαι
1793 610 1846 637 πᾶν

1048 649 1201 680 τούναντίον
1222 651 1284 683 τούς
1306 650 1398 683 ἄλλους
1421 650 1623 686 ἀποκτιννῦσαν,
1646 656 1716 690 εἴπερ
1736 652 1792 680 οἱόν
1810 663 1844 684 τε,

1049 693 1120 722 Ιτὸν
1141 691 1165 721 6
1186 695 1279 729 εχοντα
1300 705 1344 721 και
1367 692 1439 731 μαλα
1467 694 1570 726 ζωτικὸν
1596 697 1776 747 παρέχουσαν,
1803 695 1846 722 καὶ

1048 735 1115 774 πρός
1134 748 1151 775 γ
1178 737 1214 764 ἔτι
1235 737 1270 773 tq}
1292 737 1384 773 ζωτικῳ
1408 735 1551 774 α’γρυπνον·
1580 736 1646 765 οὕτω
1672 736 1762 776 πόρρω
1784 749 1845 769 που,

1048 789 1082 809 ως
1101 780 1192 811 ἔοικεν,
1221 777 1355 814 ἐσκήνηται
1381 778 1429 807 τοῦ
1454 778 1607 828 θανασιμος
1628 778 1700 808 εἶναι.
1744 779 1846 810 Καλῶς,

1048 821 1079 856 ἠν
1096 819 1120 848 δ’
1141 820 1202 859 ἐγω,
1225 823 1311 859 λέγεις.
1339 819 1419 849 ὁπότε
1440 820 1492 859 γὰρ
1515 821 1545 857 δὴ
1565 821 1600 858 μὴ
1622 822 1696 857 ἱκανὴ
1717 821 1732 857 ἥ
1753 833 1783 860 γε
1806 821 1846 849 οῖ-

1049 865 1104 891 κεία
1130 864 1242 900 πονηρία
1268 864 1312 891 καὶ
1337 862 1367 891 τὸ
1396 862 1492 891 οἰκεῖον
1521 863 1602 892 κακὸν
1628 862 1779 892 αποκτεῖναι
1804 876 1849 891 και

1051 904 1179 934 ἀπολέσαι
1200 905 1297 943 ψυχήν,
1322 903 1403 941 οχολῐ
1424 904 1455 933 τό
1476 917 1506 943 γε
1529 904 1566 933 ἐπ
1588 905 1666 934 ἄλλου
1684 904 1788 943 ολέθρῳ
1802 917 1848 955 ἶτε-

1050 950 1177 999 ταγμένον
1194 947 1275 976 κακὸν
1291 947 1377 985 ψυχὴν
1393 946 1409 983 η’
1427 960 1451 975 τι
1469 947 1532 976 α’λλο
1556 946 1660 999 ἀπολεῖ,
1683 947 1750 983 πλὴν
1771 945 1808 984 ἐφ’
1829 948 1849 984 ᾡ

1049 993 1176 1018 τέτακται.
1219 991 1308 1027 Σχολῇ
1329 988 1363 1039 γ’,
1387 991 1446 1026 ἔφη,
1470 989 1503 1022 ω’ς
1524 1002 1554 1029 γε
1576 990 1605 1019 τὸ
1628 990 1704 1022 εἰκός.
1750 988 1850 1018 Οὐκοῦν

1051 1032 1132 1061 ὁπότε
1152 1031 1213 1070 μηδ
1232 1045 1269 1069 υφ
1295 1032 1352 1063 ἑνὸς
1374 1030 1517 1061 ἀπόλλυται
1544 1033 1638 1066 κακοῦ,
1663 1031 1726 1070 μήτε
1754 1032 1850 1060 οἰκείου

1048 1087 1111 1112 μητε
1130 1073 1278 1113 ἇλλοτρίου,
1303 1079 1315 1092 *
1338 1075 1415 1110 δῆλον
1437 1074 1475 1103 ὅτι
1499 1087 1598 1114 αναγκη
1621 1073 1685 1103 αὐτὸ
1705 1087 1746 1103 αει
1763 1073 1794 1103 ὃν
1811 1072 1847 1102 εἶ-

1049 1130 1103 1150 ναι,
1131 1117 1154 1146 εἰ
1181 1116 1204 1145 δ
1227 1116 1267 1145 ἀει
1293 1116 1335 1150 ὅν,
1364 1115 1512 1146 αθανατον.
1556 1116 1676 1156 Λνιὶγκη,
1705 1118 1760 1153 ἔφη.
1804 1123 1848 1144 Χι.

1051 1161 1136 1188 Τοῦτο
1153 1162 1200 1197 μέν
1218 1161 1311 1192 τοίνυν,
1329 1160 1359 1195 ἠν
1378 1158 1401 1187 δ
1423 1159 1480 1198 εγώ,
1499 1160 1581 1191 ουτως
1599 1162 1682 1209 ἐχέτω.
1704 1160 1727 1188 εἰ
1745 1157 1770 1187 6²
1791 1160 1848 1194 ἔχει,

1051 1206 1156 1235 ἐννοεῖς,
1176 1201 1216 1230 ὅτι
1238 1200 1278 1230 ἇει
1301 1200 1333 1229 ἄν
1354 1200 1404 1230 εἶεν
1427 1203 1454 1230 αἱ
1476 1201 1560 1230 αυταί
1589 1214 1647 1230 ουτε
1669 1201 1721 1240 γὰρ
1744 1200 1776 1229 ἄν
1796 1213 1850 1229 που

1050 1243 1172 1276 ἐλάττους
1200 1247 1316 1283 γένοιντο
1347 1244 1472 1282 μηδεμιᾶς
1504 1243 1690 1282 ἀπολλυμένης,
1724 1243 1783 1272 οὔτε
1816 1239 1849 1271 αὖ

1049 1289 1162 1318 πλείους·
1182 1286 1205 1315 εἰ
1221 1286 1274 1325 γὰρ
1292 1285 1380 1315 ὁτιοῦν
1397 1288 1449 1314 τῶν
1467 1285 1612 1315 αθανατων
1629 1289 1708 1315 πλέον
1724 1288 1848 1325 γίγνοιτο,

1051 1328 1125 1358 οἶσθ
1147 1328 1186 1357 ὅτι
1209 1333 1234 1357 ἐκ
1256 1329 1304 1357 τοῦ
1328 1330 1427 1364 θνητοῦ
1448 1341 1480 1357 αν
1500 1331 1616 1368 γίγνοιτο
1642 1341 1686 1357 και
1707 1328 1794 1357 πάντα
1819 1340 1851 1356 αν

1050 1375 1088 1407 εἴη
1106 1372 1260 1400 τελευτῶντα
1280 1370 1414 1399 αθανατα.
1458 1372 1556 1407 Αληθῆ
1574 1374 1660 1410 λέγεις.
1694 1369 1757 1400 Ἀλλ’
1760 1392 1767 1404 ,
1781 1371 1812 1406 ἠν
1827 1368 1849 1398 δ’

1051 1413 1114 1452 ἐγω,
1139 1412 1203 1452 μήτε
1226 1414 1304 1442 τοῦτο
1329 1413 1463 1451 οἰώμεθα,
1492 1413 1506 1442 6
1524 1414 1576 1463 γὰρ
1598 1413 1677 1452 λόγος
1699 1412 1746 1442 οῦκ
1770 1412 1848 1446 ἐάσει,

1050 1468 1114 1494 μητε
1139 1468 1169 1495 γε
1198 1462 1202 1477 “
1231 1457 1264 1484 αὖ
1285 1457 1317 1493 τῆ
1340 1454 1510 1494 ἀληθεστάτη
1535 1468 1613 1493 φυσει
1640 1457 1760 1484 τοιοῦτον
1785 1453 1851 1484 εἶναι

1051 1498 1148 1538 ψυχήν,
1181 1497 1242 1530 dicu,-
1269 1499 1365 1534 πολλῆς
1390 1501 1517 1531 ποικιλίας
1540 1511 1583 1527 και
1611 1497 1798 1536 ἀνομοιότητός
1823 1509 1851 1526 τε

1051 1544 1095 1571 καὶ
1121 1541 1250 1579 διαφορᾶς
1272 1544 1357 1582 γέμειν
1384 1540 1447 1570 αὐτὸ
1465 1541 1532 1580 πρὸς
1555 1540 1626 1570 αῦτόι
1670 1541 1734 1572 Πῶς
1759 1543 1850 1579 λέγεις,-

1053 1587 1107 1622 ἕφη.
1155 1582 1191 1612 Οὐ
1209 1584 1306 1622 ῥηίδιον,
1324 1585 1355 1619 ἠν
1373 1582 1396 1611 δ’
1415 1583 1471 1623 ἐγώ,
1492 1584 1575 1612 ἀΐδιον
1592 1582 1657 1612 εἶναι
1675 1582 1807 1612 σύνθετόν
1823 1594 1851 1611 τε

1053 1632 1079 1656 ἐκ
1097 1626 1200 1656 πολλῶν
1222 1627 1266 1654 καὶ
1285 1626 1320 1663 μὴ
1342 1626 1374 1664 τῇ
1396 1629 1520 1675 καλλίστῃ
1542 1628 1695 1664 κεχρημένον
1717 1627 1849 1658 συνθέσει,

1052 1670 1086 1702 ὦς
1104 1682 1149 1698 νυν
1166 1667 1225 1706 ἡμῖν
1248 1668 1328 1705 ἐφάνη
1350 1681 1365 1704 η
1387 1668 1464 1718 ψυχη.
1511 1668 1611 1698 Οὔκουν
1631 1668 1700 1700 εἰκός
1719 1680 1757 1707 γε.
1797 1667 1851 1696 Ότι

1050 1716 1097 1751 μέν
1115 1713 1200 1741 τοίνυν
1223 1709 1363 1739 αθανατον
1385 1710 1467 1763 ψυχή,
1489 1713 1532 1740 καὶ
1555 1711 1568 1740 ὁ
1593 1710 1651 1749 ἄρτι
1667 1710 1746 1749 λόγος
1763 1711 1807 1738 καὶ
1824 1711 1851 1738 οἱ

1053 1755 1125 1784 α’λλοι
1145 1766 1321 1793 αναγκασειαν
1344 1752 1385 1782 α’ν·
1413 1766 1470 1783 οιον
1492 1752 1515 1782 δ
1536 1755 1591 1783 ἐστι
1613 1753 1644 1790 τῆ
1667 1751 1791 1789 ἀληθείᾳ,
1819 1750 1851 1781 οὗ

1052 1798 1225 1835 λελωβημένον
1247 1797 1286 1824 δεῖ
1307 1809 1339 1824 αι
1344 1796 1370 1825 τὸ
1395 1796 1560 1825 θεάσασθαι
1588 1803 1592 1817 ¹
1619 1794 1673 1824 υπό
1693 1807 1721 1824 τε
1742 1796 1787 1831 τῆς
1803 1794 1851 1824 τοῦ

1053 1850 1175 1878 σωματος
1192 1841 1325 1870 κοινωνίας
1341 1840 1386 1867 καὶ
1404 1838 1486 1869 ἄλλων
1503 1840 1596 1872 κακῶν,
1619 1837 1702 1876 ω’ςπερ
1719 1838 1764 1866 νῦν
1781 1836 1852 1875 ἡμεῖς

1053 1882 1194 1921 θεώμεθα,
1215 1880 1266 1910 αλλ
1287 1880 1344 1910 οιόν
1362 1885 1416 1910 ἐστι
1433 1882 1558 1920 καθαρὸι
1578 1880 1739 1920 γιγνόμενον,
1761 1880 1849 1909 τοιοῦ-

1052 1938 1098 1954 τον
1116 1925 1210 1956 ἶκανῶς
1224 1924 1339 1963 λογισμῷ
1357 1925 1522 1957 διαθεατέον,
1541 1925 1585 1952 καὶ
1602 1923 1669 1952 πολυ
1684 1922 1787 1951 καλλιον
1803 1935 1850 1950 αυ-

1052 1968 1083 1997 τό
1101 1967 1203 2006 εὖρησει
1225 1968 1269 1995 καὶ
1290 1970 1475 2006 ἐναργέστερον
1497 1966 1662 1998 δικαιοσύνας
1683 1978 1711 1994 τε
1732 1965 1776 1994 καὶ
1794 1963 1850 1992 ἇδι-

1052 2013 1108 2042 κίας
1135 2009 1254 2048 διόψεται
1280 2011 1323 2038 καὶ
1349 2009 1448 2043 πάντα,
1477 2008 1493 2037 δι’
1515 2010 1559 2037 νῦν
1587 2008 1736 2046 διήλθομεν.
1762 2008 1807 2036 νῦν
1825 2008 1852 2035 δὲ

1053 2056 1160 2091 εἴπομεν
1180 2055 1227 2090 μὲν
1250 2050 1339 2087 ἀληθῆ
1356 2053 1415 2090 περὶ
1438 2051 1531 2084 αὐτοῦ,
1560 2050 1615 2080 οἷον
1637 2055 1663 2079 ἐν
1684 2051 1719 2088 τῷ
1740 2049 1852 2088 παρόντι

1053 2098 1183 2133 φαίνεται·
1203 2094 1362 2132 τεθεαμεθα
1383 2097 1471 2132 μέντοι
1494 2096 1651 2132 διακείμενον
1674 2092 1750 2126 αυτό,
1769 2103 1851 2130 ωςπερ

1054 2140 1081 2167 οἱ
1097 2138 1144 2167 τὸν
1166 2136 1314 2165 θαλάττιον
1332 2138 1451 2166 Γλαῦκον
1473 2136 1582 2175 ὁρῶντες
1605 2135 1651 2165 οῦκ
1675 2135 1707 2164 ἂν
1725 2136 1761 2163 ἔτι
1780 2141 1784 2155 ¹
1803 2147 1850 2174 ρᾳ-

1054 2182 1112 2212 δίως
1130 2178 1212 2208 αὐτοῦ
1230 2181 1308 2208 ἴδοιεν
1330 2179 1375 2216 τὴν
1397 2178 1509 2217 αρχαίαν
1530 2191 1620 2216 φυσιν,
1638 2177 1689 2207 Ιὑπὸ
1709 2178 1756 2206 τοῦ
1774 2176 1807 2205 τά
1824 2188 1852 2205 τε

1053 2222 1153 2252 παλαιὰ
1171 2223 1219 2251 τοῦ
1237 2222 1360 2260 σώματος
1375 2225 1439 2260 μέρη
1458 2222 1490 2250 τὰ
1507 2225 1554 2259 μὲν
1573 2220 1754 2252 ἐκκεκλάσθαι,
1773 2219 1806 2248 τὰ
1825 2220 1853 2247 δὲ

1054 2267 1244 2303 συντετρίφθαι
1262 2266 1305 2293 καὶ
1322 2263 1426 2296 πάντως
1443 2265 1611 2301 λελωβῆσθαι
1626 2263 1679 2292 ὑπὸ
1701 2262 1752 2290 τῶν
1769 2274 1851 2299 κυμα-

1054 2321 1111 2341 των,
1132 2307 1196 2335 ἄλλα
1215 2308 1242 2335 δὲ
1259 2310 1474 2345 προςπεφυκέναι,
1494 2305 1590 2344 ὄστρεα
1608 2318 1635 2334 τε
1653 2307 1696 2334 καὶ
1713 2306 1792 2342 φυκία
1809 2304 1853 2332 καὶ

1053 2354 1160 2389 πέτρας,
1179 2350 1240 2381 ὥςτε
1262 2351 1340 2378 παντί
1360 2351 1461 2399 μᾶλλον
1482 2351 1568 2387 θηρίῳ
1590 2351 1697 2377 ἐοικέναι
1717 2346 1734 2383 ἢ
1752 2350 1807 2378 οἱος
1823 2341 1854 2382 ἦν

1053 2405 1131 2431 φυσει
1124 2414 1142 2425 ,
1165 2392 1232 2421 οὕτω
1254 2405 1297 2420 και
1321 2393 1364 2428 την
1381 2393 1466 2430 ψυχὴν
1487 2391 1558 2430 ἡμεῖς
1575 2390 1708 2433 θεώμεθα
1727 2390 1851 2426 διακειμέ-

1054 2449 1099 2472 νην
1115 2434 1168 2464 υπὸ
1185 2437 1283 2473 μυρίων
1300 2436 1395 2463 κακῶν
1425 2434 1489 2463 ἀλλὰ
1508 2436 1558 2467 δεῖ,
1580 2434 1600 2462 ὦ
1618 2432 1752 2465 Γλαυκων,
1772 2434 1852 2460 ἐκεῖσε

1055 2480 1162 2516 βλέπειν.
1205 2481 1275 2512 Ποῖ,
1297 2491 1313 2514 η
1336 2476 1359 2505 δ
1380 2477 1415 2509 ὃς.
1460 2477 1506 2509 Εἰς
1527 2476 1572 2512 τὴν
1593 2477 1754 2513 φιλοσοφίαν
1776 2480 1781 2495 ¹
1805 2472 1851 2501 αῦ-

1054 2532 1106 2558 της,
1124 2521 1169 2549 καὶ
1187 2524 1282 2549 ἐννοεῖν
1300 2521 1335 2549 ὠν
1354 2519 1462 2549 α’πτεται
1479 2520 1523 2548 καὶ
1542 2520 1603 2548 οἵων
1622 2520 1719 2555 ἐφίεται
1742 2515 1852 2554 ὁμιλιῶν,

1055 2563 1089 2596 ὦς
1110 2562 1231 2602 ξυγγενὴς
1253 2564 1321 2592 ου’σα
1345 2563 1379 2601 τῷ
1401 2575 1428 2591 τε
1447 2563 1513 2599 θείω
1539 2562 1583 2589 καὶ
1607 2559 1736 2597 ἀθανάτῳ
1758 2559 1802 2587 καὶ
1818 2559 1854 2594 τῷ

1056 2605 1097 2635 ἀεὶ
1115 2619 1181 2638 οντι,
1204 2606 1247 2634 καὶ
1270 2607 1313 2634 o‘m
1337 2604 1368 2634 ἂν
1389 2607 1490 2644 γένοιτο
1512 2604 1548 2642 τῷ
1570 2603 1680 2641 τοιούτῳ
1701 2601 1778 2630 πᾶσα
1796 2604 1850 2628 ἐπι-

1056 2652 1173 2698 σπομὲνη
1194 2649 1237 2676 καὶ
1259 2647 1311 2677 ὑπὸ
1334 2658 1428 2683 ταυτης
1449 2647 1493 2683 τῆς
1514 2645 1595 2698 ὁρμῆς
1618 2647 1808 2683 ἐκκομισθεῖσα
1826 2646 1852 2671 ἐκ

203 2695 395 2730 ἁποθ7ησκων,
418 2697 460 2722 ἰνα
483 2695 513 2729 δη
533 2694 570 2731 μὴ
592 2692 766 2732 αναγκαζηται
785 2692 941 2724 αθαιαιους
960 2704 1005 2723 τας
1024 2689 1029 2733 Ι
1056 2693 1103 2720 τοῦ
1120 2691 1231 2723 πόιτου,
1256 2694 1281 2718 ἐν
1303 2704 1322 2718 ω
1345 2691 1390 2718 νῦν
1412 2691 1478 2722 ἐστι’,
1500 2690 1543 2717 καὶ
1560 2690 1786 2727 περικρουσθεῖσα
1804 2687 1850 2714 πέ-

1875 1082 1909 1100 611
