1998 3084
179 1758 216 1777 ²28

242 154 290 180 258
774 155 783 179 1
804 155 826 179 N
847 154 864 180 C
888 155 905 179 E
928 155 947 180 R
969 154 988 179 T
1009 155 1020 180 1

241 245 285 261 ται
305 231 357 260 ’ὑπὸ
379 231 423 267 τῆς
444 233 531 268 ζημίας
554 230 605 269 ἄρα
632 229 785 268 ἅνθρωποι,
828 239 873 260 ΙΠ.
896 234 1035 263 Βλάπτον-

242 286 290 302 ται.
344 279 398 301 ΣΩ.
420 274 512 301 Κακὸν
539 272 590 310 ἆρα
617 272 631 308 ἦ
660 275 746 310 ζημία;
798 280 842 302 ΙΠ.
870 277 932 302 Ναί.
980 282 1036 304 ΣΩ.

241 314 369 344 Ἐναντίον
387 316 413 343 δὲ
432 315 463 352 τῇ
482 316 553 351 ζημίᾳ
571 315 600 343 τὸ
619 316 721 353 κέρδος,·
756 321 800 344 ΙΠ.
817 314 954 346 Ἐναντίον.
981 323 1036 346 ΣΩ.

240 356 360 396 ’,4γαθὸν
383 357 434 395 ἄρα
456 357 485 385 τὸ
508 358 609 394 κέρδοςς
652 363 696 384 ΙΠ.
717 359 780 385 Ναί.
824 363 880 386 ΣΩ.
901 360 968 391 Τοὺς
992 355 1038 388 οὖν

240 400 270 428 τὸ
294 398 404 438 ἀγαθὸν
424 399 562 436 φιλοῦντας
587 400 745 449 φιλοκερδεῖς
769 403 866 433 καλεῖς,-
910 407 953 429 ΙΠ.
968 400 1036 430 'Eut-

240 454 289 470 κεν.
318 448 322 462 ¹
350 447 406 469 ΣΩ.
427 439 463 470 Οὐ
484 440 608 478 μανικούς
632 453 674 480 γε,
702 442 721 469 ω’
748 444 845 478 ἑταῖρε,
873 445 952 481 λέγεις
978 444 1039 475 τοὺς

240 485 405 525 φιλοκερδεῖς
425 482 489 511 ἀλλὰ
508 483 542 512 σὺ
560 482 639 515 αυτὸς
652 482 768 533 πότερον
785 488 866 521 φιλεῖς
884 484 935 513 ο’“
919 498 950 513 αν
969 484 1036 524 ἄγα-

239 526 296 554 θὸν
316 526 344 563 ᾑ,
367 524 382 561 ἢ
405 537 436 554 ov
457 528 550 562 φιλεῖς;
594 524 755 574 1Π.”Εγωγε,
799 532 854 554 ΣΩ.
870 526 939 555 Ἐστι
962 529 990 556 δέ
1014 540 1038 556 τι

241 566 356 607 ἀγαθόν,
381 580 395 596 0
414 566 445 596 οὐ
462 570 554 604 φιλεῖς,
578 565 642 595 ἇλλὰ
660 568 752 601 κακόν,
796 574 839 596 ΙΠ.
858 569 909 597 Μὰ
929 568 971 597 Δί
992 568 1038 598 οὐκ

241 612 326 649 ἔγωγε.
362 615 417 638 ΣΩ
434 608 509 638 Ἀλλὰ
527 609 613 638 πάντα
631 609 664 638 τὰ
684 608 778 648 ἀγαθὰ
798 613 859 642 ἴσως
875 614 963 648 φιλεῖς.
993 618 1036 640 ΙΠ.

242 654 305 680 Ναί.
350 658 405 680 ΣΩ.
422 650 497 689 >Εροῧ
520 652 550 687 δὴ
572 653 615 680 καὶ
634 655 687 689 ἐμὲ,
706 652 728 680 εἰ
747 665 778 681 ου
795 666 837 681 και
857 653 918 692 ἐγω·
939 653 1036 691 ὁμολο-

238 693 311 733 γήσω
328 693 380 732 γὰρ
402 695 445 722 καὶ
468 693 517 732 ἐγω
539 706 583 722 σοι
603 696 686 731 φιλεῖν
706 694 738 722 τὰ
759 693 865 733 ἀγαθά·
889 694 953 724 ἄλλα
971 696 1039 734 πρὸς

239 737 297 774 ἐμοὶ
313 737 357 764 καὶ
379 737 423 764 σοὶ
446 737 471 764 οἱ
494 735 566 764 ἄλλοι
589 735 729 774 ἅνθρωποι
751 736 863 769 ἅπαντες
881 736 912 767 οὗ
931 740 1040 768 δοκοῦσί

240 791 283 808 σοι
303 785 306 799 ¹
325 777 437 817 τάγαθὰ
455 781 548 815 φιλεῖν,
567 779 599 807 τὰ
622 779 649 807 δὲ
666 779 733 807 κακὰ
749 783 847 816 μισεῖνς
891 786 934 808 ΙΠ.
949 780 1035 818 Έμοι-

238 833 268 860 γε
285 823 411 858 φαίνεται.
455 826 510 848 ΣΩ.
530 820 566 848 Τὸ
586 822 613 849 δὲ
631 822 719 858 κέρδος
729 820 847 863 ἀγαθὸν
864 821 1035 861 ὡμολογήσα-

238 876 297 901 μενς
340 869 384 891 111.
404 864 467 890 Ναί.
511 868 567 891 ΣΩ.
585 862 688 894 Πάντες
706 876 739 891 αυ
753 865 911 901 φιλοκερδεῖς
928 867 1035 901 φαίνον-

239 918 282 934 ται
299 906 393 934 τοῦτον
414 905 460 933 τὸν
482 904 590 943 τρόπον·
615 904 645 933 ὅν
667 906 693 933 δὲ
715 906 745 934 τὸ
764 905 892 944 πρότερον
910 910 1036 945 ἐλέγομεν,

241 946 324 979 οὗδεις
348 948 379 983 ἦν
405 946 562 1008 φιλοκερδής.
589 950 689 985 ποτέρῳ
717 949 763 976 οὖν
790 947 822 976 ἂν
848 960 885 980 τις
910 949 956 991 τῷ
969 949 1038 988 λόγῳ

237 1001 370 1029 χρωμενος
391 987 437 1018 οὐκ
460 988 492 1018 ἂν
515 989 700 1027 ἐξαμαρτάνοι,
744 996 788 1018 111
808 994 844 1018 Εἰ
860 1002 908 1024 τις,
936 987 956 1020 ὦ
977 992 1036 1020 Σω-

240 1043 341 1085 κρατες,
361 1030 446 1069 οἶμαι,
469 1030 561 1069 ὀρθῶς
577 1031 705 1070 λαμβάνοι
720 1031 767 1061 τὸν
784 1034 928 1071 φιλοκερδῆ
948 1033 1039 1072 ὀρθῶς

242 1074 265 1103 δ’
287 1075 341 1103 ἐστι
361 1074 456 1103 τοῦτον
476 1073 605 1113 ἡγεῖσθαι
626 1076 778 1125 φιλοκερδῆ,
799 1074 828 1107 ὅς
850 1075 882 1104 ἄν
904 1076 1039 1113 σπουδάζῃ

243 1119 285 1146 ἐπι
302 1116 412 1150 τούτοις,
430 1117 473 1145 καὶ
492 1123 496 1137 ¹
516 1115 584 1149 ἇξιοι
602 1118 741 1154 κερδαίνειν
764 1116 807 1146 ἇπ
828 1116 920 1152 αὐτῶν,
940 1118 983 1156 άφ
1004 1121 1039 1148 ὠν

243 1161 269 1189 οἳ
289 1159 399 1197 χρηστοὶ
421 1157 453 1187 οὗ
478 1159 593 1196 τολμῶσι
618 1160 763 1209 κερδαίνειν.
807 1166 864 1188 ΣΩ.
884 1159 947 1189 'AM‘
968 1160 1038 1199 ὁρᾷς,

242 1203 262 1231 ὠ
282 1201 436 1241 γλυκύτατα,
457 1201 488 1230 τὸ
509 1202 649 1242 κερδαίνειν
671 1200 729 1239 ἆρτι
750 1201 954 1241 ὧμολογήσαμει
975 1208 1040 1232 εἶναι

242 1243 413 1282 ὠφελεῖσθαι.
457 1249 500 1271 111
521 1245 553 1271 Τι’
578 1244 625 1272 οὖν
651 1244 680 1280 δὴ
708 1246 799 1278 τοῦτο;
847 1251 902 1273 ΣΩ.
917 1246 971 1275 Ὀτι
997 1259 1040 1274 και

242 1286 301 1316 τάδε
324 1285 387 1315 αὐτὸ
409 1285 691 1325 προςωμολογήσαμεν,
720 1286 867 1323 βούλεσθαι
888 1287 921 1316 τὰ
944 1287 1039 1327 ἀγαθὰ

242 1328 342 1360 πάντας
359 1329 403 1357 καὶ
421 1327 467 1357 ἀεί.
511 1334 554 1356 ln.
572 1330 634 1356 Ναί
679 1334 734 1357 ΣΩ.
753 1328 852 1358 Ουκοῦν
866 1331 909 1358 καῖ
927 1331 953 1359 οἱ
971 1329 1041 1383 ἄγα-

242 1373 292 1400 θοι
310 1370 397 1399 πάντα
414 1370 447 1399 τὰ
465 1372 539 1408 κέρδη
558 1370 722 1421 βούλονται’
714 1373 789 1407 ἔχειν,
807 1375 879 1423 εἴπερ
898 1371 994 1411 ἀγαθά
1011 1386 1040 1412 γε

243 1418 319 1443 ἐστιν.
363 1419 407 1442 ΙΠ
428 1419 431 1433 ¹
453 1411 513 1446 Οὔκ,
533 1411 577 1449 αφ’
597 1415 632 1441 ὠν
649 1425 679 1452 γε
695 1417 839 1451 μέλλουσιν,
858 1416 878 1443 ὠ
895 1415 1039 1453 Σώκρατες,

243 1456 428 1494 βλαβησεσθαι
449 1454 500 1484 τῶν
521 1455 623 1493 κερδῶν.
667 1461 723 1484 ΣΩ
741 1456 936 1494 Βλαβήσεσθαι
954 1459 981 1486 δὲ
998 1461 1039 1487 λε’-

241 1510 295 1538 γεις
312 1497 537 1536 ζημιώσεσθαι,”
522 1510 537 1533 η
560 1496 622 1526 α’λλο
640 1511 677 1532 τι;
721 1504 764 1526 ΙΠ.
786 1498 845 1532 Οὔκ,
866 1498 929 1528 ἀλλὰ
949 1500 1038 1538 ζημιώ-

243 1544 345 1570 σεσθαι
362 1543 434 1579 λέγω.
478 1545 534 1568 ΣΩ.
551 1538 618 1568 (Υπὸ
638 1540 685 1569 τοῦ
706 1542 809 1578 κερδοις
831 1537 877 1570 οὖν
895 1543 1040 1580 ζημιοῦνται

241 1582 292 1617 ἢ(
278 1583 330 1612 υπὸ
354 1583 398 1619 τῆς
420 1584 507 1620 ζημίας
528 1581 682 1620 α’νθρωποι,·
726 1589 769 1611 ΙΠ.
789 1583 856 1613 Υπὸ
880 1583 1040 1623 άμφοτερων.

242 1627 286 1655 καὶ
303 1625 355 1664 γὰρ
372 1624 423 1654 ὑπὸ
443 1626 487 1661 τῆς
505 1627 592 1663 ζημίας
609 1625 767 1662 ζημιοῦνται,
785 1627 829 1654 καὶ
845 1626 898 1656 ὑπὸ
916 1640 964 1656 του
981 1631 1038 1678 κέρ-

243 1670 304 1700 δους
320 1668 367 1697 τοῦ
385 1668 508 1705 πονηροῦ.
552 1673 608 1696 ΣΩ.
626 1668 660 1696 'H
675 1669 746 1696 δοκεῖ
763 1669 809 1697 οὖν
825 1671 851 1697 τί
867 1682 910 1699 σοι
925 1671 1041 1722 χρηστὸν

241 1724 285 1739 και
303 1709 412 1749 ἀγαθὸν
429 1710 537 1748 πρᾶγμα
555 1710 671 1747 πονηρὸν
692 1709 768 1744 effron,-
812 1717 855 1739 ΙΠ.
877 1711 928 1741 Οὐκ
948 1714 1040 1766 ἔμοιγε.

242 1758 255 1772 ¹¹
273 1759 328 1781 ΣΩ.
350 1751 449 1782 Ουκοῦν
467 1751 670 1806 ὡμολογησαμεν
688 1751 775 1792 ὀλίγον
793 1753 922 1792 πρότερον
936 1757 965 1784 τὸ
982 1759 1040 1794 κέρ-

243 1797 288 1827 δος
313 1795 344 1832 τῇ
371 1797 444 1844 ζημίᾳ
470 1807 539 1832 κακῳ
572 1794 626 1823 ὀντι
653 1798 768 1824 ἐναντίον
793 1795 869 1830 efron,-
914 1805 957 1826 ΙΠ.
986 1804 1038 1834 Φη-

240 1839 276 1876 μί.
320 1843 376 1866 ΣΩ
394 1836 522 1865 Έναντίον
544 1838 569 1865 δὲ
593 1836 623 1866 ὂν
644 1838 713 1875 κακῷ
740 1837 849 1880 ἀγαθὸν
875 1838 951 1874 εἶναις
996 1847 1039 1869 ΙΠ.

239 1879 454 1918 Ωμολογήσαμεν
479 1879 538 1918 γάρ.
582 1885 637 1907 ΣΩ.
662 1879 737 1918 Ορᾷς
763 1882 821 1915 οὐνς
852 1886 984 1921 ἐπιχειρεῖς
1008 1896 1039 1921 με

242 1923 387 1955 ἐξαπατᾶν,
410 1922 524 1957 ἐπίτηδες
546 1924 647 1950 ἐναντία
668 1925 749 1961 λέγων
767 1922 806 1955 οἷς
828 1923 885 1961 ἄρτι
903 1925 1038 1964 ὡμολογή-

242 1977 332 2003 σαμεν.
375 1963 476 1993 1Π.οὖ
492 1964 529 2001 μὰ
549 1966 611 1997 Δία,
634 1977 654 1992 ω
671 1965 819 2003 Σωκρατες
843 1966 906 1995 αλλὰ
929 1967 1037 1997 τούναν-

242 2010 297 2037 τίον
319 2006 352 2057 σίἷ
373 2019 404 2045 με
428 2007 569 2043 ἐξαπατᾷς,
591 2019 635 2035 και
657 2006 702 2036 οὐκ
725 2006 783 2036 οιδα
807 2009 859 2047 ὅπῃ
879 2014 904 2038 ἐν
921 2015 976 2042 τοῖς
993 2014 1038 2040 λο-

241 2061 298 2100 ζοις
320 2048 372 2078 α’νω
391 2062 434 2078 και
451 2061 521 2077 κατω
540 2052 663 2087 στρέφεις
707 2055 763 2078 ΣΩ.
783 2050 904 2089 Ευφήμει.
924 2051 954 2081 οὐ
971 2052 1037 2091 μέντ

243 2091 275 2120 ἄν
297 2098 301 2113 ¹
324 2092 407 2123 καλῶς
427 2093 542 2127 ποιοίην,
562 2090 593 2120 οὗ
610 2091 771 2130 πειθόμενος
789 2092 862 2132 ἆνδρι
881 2093 979 2134 ἀγαθῶ
997 2109 1038 2124 και

243 2134 325 2172 σοφῷ.
369 2140 412 2162 ΙΠ.
433 2135 487 2162 Τίνι
508 2146 603 2171 τουτῳ-
625 2147 669 2162 και
690 2136 715 2163 τί
733 2134 860 2172 μάλιστα;
904 2143 959 2166 ΣΩ.
977 2144 1037 2167 Πο-

243 2179 298 2214 λίτῃ
319 2179 366 2214 μὲν
387 2177 437 2226 ἐμῷ
452 2188 478 2204 τε
496 2177 540 2204 καὶ
558 2177 607 2214 σῷ,
625 2177 822 2216 Πεισιστράτου
840 2180 866 2208 δὲ
880 2181 931 2208 υἱεῖ
947 2181 994 2209 τοῦ
1013 2184 1039 2208 ἐκ

246 2218 384 2251 Φιλαιδῶν,
400 2218 544 2256 Ἱππάρχῳ,
568 2230 596 2250 ος
612 2219 664 2247 τῶν
680 2220 876 2258 Πεισιστρατου
893 2224 993 2251 παίδων
1009 2218 1040 2258 ἦν

241 2260 420 2300 πρεσβύτατος
441 2262 484 2288 καὶ
506 2273 669 2297 σοφωτατος,
698 2261 727 2294 ὃς
749 2262 813 2291 ἄλλα
835 2276 861 2292 τε
887 2265 972 2293 πολλὰ
995 2266 1039 2293 καὶ

240 2304 340 2332 καλά’
326 2316 388 2349 εργα
411 2305 507 2339 σοφίας
529 2302 695 2337 ἀπεδείξατο,
718 2317 761 2333 και
783 2305 815 2334 τὰ
832 2305 943 2345 Ομήρου
964 2308 1036 2345 πρῶ-

240 2357 286 2378 τος
303 2349 421 2383 ἐκομισεν
438 2346 474 2377 εἷς
490 2345 535 2381 τὴν
556 2346 604 2384 γῆν
625 2349 740 2382 ταυτηνί,
763 2361 807 2376 και
828 2347 959 2388 ἠνάγκασε
977 2350 1038 2382 τοὺς

241 2389 380 2427 ῥαψῳδους
400 2390 605 2422 Παναθηναίοις
627 2391 654 2421 ἐξ
674 2388 828 2428 ὑπολήψεως
856 2392 945 2428 ἐφεξῆς
971 2390 1036 2421 αὗτα

241 2432 341 2464 διϊέναι,
365 2430 447 2468 ὥςπερ
471 2436 475 2450 ¹
498 2431 542 2458 νῦν
565 2432 600 2459 ἔτι
623 2432 675 2459 οἵδε
697 2433 811 2461 ποιοῦσι.
838 2435 882 2462 καὶ
904 2433 941 2462 ἐπ’
959 2433 1033 2463 ’xiva-

239 2476 347 2511 κρέοντα
365 2473 411 2502 τὸν
430 2472 509 2508 Τήϊον
525 2472 730 2512 πεντηκόντορον
748 2477 849 2507 στείλας
867 2476 985 2514 ἐκόμισεν
1001 2477 1037 2508 εἷς

238 2516 284 2551 τὴν
305 2515 391 2544 πόλιν·
417 2516 561 2552 Σιμωνίδην
583 2516 609 2543 δὲ
630 2516 676 2544 τὸν
697 2521 779 2546 Κεῖον
804 2520 863 2556 περὶ
890 2518 970 2548 αὑτὸν
997 2518 1037 2548 ἀεὶ

239 2556 298 2594 εἶχε,
318 2557 440 2596 μεγάλοις
459 2561 572 2595 μισθοῖς
593 2559 637 2585 καὶ
659 2558 751 2597 δώροις
770 2562 881 2590 πείθων.
908 2562 991 2591 ταῦτα
1009 2560 1033 2590 δ’

239 2602 319 2629 ἐποίει
338 2600 493 2638 βουλόμενος
510 2599 639 2628 παιδεύειν
656 2601 717 2633 τοὺς
734 2605 849 2636 πολίτας,
865 2606 906 2632 ἵνα
925 2603 959 2636 ὡς
977 2605 1033 2641 βελ-

239 2644 332 2671 τίστων
350 2641 434 2671 αὐτῶν
456 2641 544 2680 ἄρχοι,
563 2641 609 2671 οὐκ
628 2642 747 2680 οἰόμενος
765 2646 817 2673 δεῖν
835 2644 920 2675 οὐδενὶ
938 2649 1035 2683 σοφίας

236 2689 361 2722 φθονεῖν,
382 2685 426 2713 ιῖτε
444 2684 479 2713 ὧν
500 2683 579 2715 καλός
599 2697 627 2713 τε
648 2685 778 2724 κάγαθός.
807 2689 891 2724 ἐπειδὴ
915 2690 941 2717 δὲ
964 2687 1033 2726 αὐτῷ

1060 154 1353 182 AUCTORIS

1089 234 1115 261 οἱ
1141 235 1199 270 περὶ
1221 233 1249 261 τὸ
1279 233 1345 262 ἄστυ
1372 235 1422 262 τῶν
1447 234 1559 263 πολιτῶν
1584 234 1781 270 πεπαιδευμενοι
1806 246 1881 269 ησαν,

1088 276 1130 303 καὶ
1154 274 1305 312 ἐθαυμαζον
1327 274 1406 304 αυτὸν
1433 278 1474 304 ἐπὶ
1503 284 1506 296 ¹
1535 278 1626 312 σοφίᾳ,
1655 275 1824 312 ἐπιβουλευων
1850 277 1882 304 αὖ

1088 317 1149 348 τοὺς
1167 320 1192 344 ἐν
1210 320 1265 348 τοῖς
1287 315 1378 355 ἀγροῖς
1398 319 1537 347 παιδεῦσαι
1560 320 1666 353 ἔστησεν
1688 316 1777 349 αὐτοῖς
1791 317 1884 355 Ἑρμᾶς

1088 358 1155 387 κατὰ
1177 358 1224 390 τὰς
1246 357 1323 407 ὁδοὺς
1345 363 1370 387 ἐν
1389 363 1459 397 μέσῳ
1483 361 1529 389 τοῦ
1553 360 1646 391 ἄστεος
1667 373 1710 387 και
1732 360 1782 388 τῶν
1793 359 1884 411 δήμων

1089 400 1215 433 ἑκάστων,
1238 399 1347 428 κᾶπειτα
1368 400 1420 430 ὑπὸ
1439 405 1535 438 σοφίας
1553 403 1595 438 τῆς
1614 402 1707 451 αὑτοῦ,
1729 401 1758 437 ἦν
1779 400 1799 430 ‘t'
1821 404 1882 439 ἐμα-

1090 447 1126 471 θε
1149 454 1192 470 και
1213 441 1243 476 ἧν
1266 441 1344 474 αυτὸς
1366 444 1476 481 ἐξεῦρεν,
1505 444 1667 481 ἐκλεξάμενος
1691 443 1707 471 ἁ
1730 443 1815 482 ἡγεῖτο
1835 456 1882 472 σο-

1088 484 1196 521 φώτατα
1219 482 1295 517 εἶναι,
1318 485 1399 513 ταυτα
1423 484 1500 516 αυτὸς
1521 488 1629 517 ἐντείνας
1646 497 1681 517 εις
1699 489 1816 524 ἐλεγεῖον,
1836 498 1882 514 αυ-

1088 527 1136 555 τοῦ
1153 525 1285 563 ποιήματα
1304 528 1348 554 καὶ
1369 528 1534 576 ἐπιδείγματα
1552 529 1595 563 τῆς
1614 531 1709 564 σοφίας
1731 531 1883 578 ἐπέγραψεν,
1895 520 1907 562 '¹

1090 581 1131 597 ινα
1153 569 1257 605 πρῶτον
1276 571 1324 605 μὲν
1345 568 1377 596 τὰ
1400 573 1426 597 ἐν
1449 572 1560 606 Δελφοῖς
1584 569 1725 608 γράμματα
1752 570 1783 598 τὰ
1811 570 1884 607 σοφὰ

1091 617 1095 632 ¹
1124 611 1206 639 ταῦτα
1231 610 1266 647 μὴ
1294 610 1455 647 θαυμάζοιεν
1481 613 1507 640 οἱ
1538 615 1642 640 πολῖται
1675 611 1767 644 αυτοῦ,
1800 612 1830 640 τό
1857 624 1884 640 τε

1091 654 1183 681 Γνῶθι
1210 652 1308 681 σαυτὸν
1333 653 1378 680 καὶ
1403 653 1433 681 τὸ
1456 654 1547 688 Μηδὲν
1574 653 1652 692 ὗὶγαν,
1679 655 1721 682 καὶ
1745 650 1825 682 τᾶλλα
1851 654 1884 682 τὰ

1090 696 1212 727 τοιαῦτα,
1241 693 1305 722 ἀλλὰ
1331 694 1364 723 τὰ
1388 693 1533 732 Ἱππάρχου
1560 695 1661 734 ῥήματα
1686 696 1785 733 μᾶλλον
1812 696 1884 733 σοφὰ

1089 737 1203 776 ἡγοῖντο,

1088 779 1276 833 γιγνώσκοντες
1297 780 1341 807 καὶ
1361 779 1444 818 γεῦμα
1466 778 1640 816 λαμβάνοντες
1662 778 1742 808 αὐτοῦ
1769 781 1814 817 τῆς
1835 792 1884 809 σο-

1090 824 1152 858 φίας
1172 833 1283 858 φοιτῳεν
1304 825 1330 850 ἐκ
1352 822 1403 849 τῶν
1425 820 1512 867 αγρῶν
1533 822 1576 849 καὶ
1602 823 1644 850 ἐπὶ
1664 834 1697 850 τα
1719 822 1798 850 λοιπὰ
1821 835 1884 851 παι-

1231 738 1318 765 {natm
1344 748 1481 774 HGQLOVIBG
1508 736 1560 766 ἂνω
1587 750 1630 765 >uu
1655 750 1724 766 κᾱῖω
1750 751 1792 766 um
1820 751 1884 766 ανα-

1908 284 1926 303 D

1910 619 1927 638 E

1091 863 1289 901 δευθησόμενοι.
1321 863 1397 892 ἐστὸν
1424 865 1451 892 δὲ
1478 862 1522 892 δυο
1550 862 1760 902 τώπιγράμματε
1789 868 1816 893 ἐν
1839 867 1886 902 μὲν
1918 880 1922 884 ·

1090 911 1145 938 τοῖς
1167 903 1204 935 ἐπ
1230 904 1353 943 ἀριστερὰ
1380 906 1426 934 τοῦ
1450 905 1544 944 (Ερμοῦ
1569 906 1681 935 ἑκάστου
1707 911 1720 924 ‘
1747 909 1883 945 ἐπιγέγρα-
1911 914 1947 933 229

1089 961 1153 977 πται
1179 950 1258 987 λέγων
1282 947 1296 976 ὀ
1317 949 1418 985 Ἑρμῆς,
1446 948 1486 976 ὅτι
1508 952 1533 976 ἐν
1552 951 1623 986 μέσῳ
1650 950 1696 977 τοῦ
1724 948 1818 981 ἆο-ιεος
1843 950 1886 977 καὶ

1090 992 1137 1020 τοῦ
1155 990 1263 1040 δήμου“
1254 991 1364 1026 ἕστηκεν,
1384 994 1410 1018 ἐν
1428 991 1454 1019 δὲ
1472 994 1527 1022 τοῖς
1549 992 1590 1019 ἐπὶ
1608 990 1690 1024 δεξιά,
1709 992 1809 1029 Μνῆμα
1827 990 1884 1020 τόδ’

1087 1032 1244 1083 Ἱππάρχου,
1268 1037 1352 1069 στεῖχε
1375 1034 1459 1061 δίκαια
1477 1033 1588 1071 φρονῶν,
1607 1035 1691 1069 φησίν.
1720 1035 1774 1062 ἔστι
1791 1035 1818 1062 δὲ
1836 1034 1886 1062 τῶν

1089 1075 1240 1114 ποιημάτων
1257 1088 1300 1103 και
1319 1075 1383 1103 α’λλα
1406 1079 1432 1103 ἐν
1454 1074 1540 1107 αλλοις
1554 1074 1658 1113 Ἑρμαῖς
1674 1076 1758 1104 πολλὰ
1776 1089 1820 1104 και
1836 1088 1884 1104 κα-

1090 1118 1122 1147 λὰ
1141 1120 1357 1171 ἐπιγεγραμμένα·
1377 1119 1432 1146 ἔστι
1449 1119 1476 1146 δὲ
1494 1118 1523 1153 δὴ
1542 1130 1585 1146 και
1603 1118 1681 1147 τοῦτο
1701 1119 1742 1146 ἐπι
1760 1118 1790 1156 τῇ
1808 1123 1884 1147 Στει-

1090 1162 1165 1199 ριακῇ
1188 1159 1251 1198 ὀδῷ,
1275 1164 1301 1188 ἐν
1318 1162 1338 1198 ῴ
1350 1162 1446 1213 λέγει,
1456 1167 1459 1180 ¹
1483 1161 1589 1214 Μνημα
1600 1159 1657 1189 τόδ’
1675 1159 1830 1199 Ἱππάρχου,
1851 1160 1886 1198 μὴ

1092 1205 1168 1240 φίλον
1191 1202 1316 1235 ἐξαπάτα.
1344 1202 1393 1241 ἐγὼ
1416 1203 1462 1231 οὖν
1484 1215 1514 1231 σε
1532 1203 1589 1240 ἐμοὶ
1611 1202 1675 1231 ο’ντα
1696 1204 1772 1240 φίλον
1790 1201 1821 1231 οὐ
1840 1202 1884 1239 δή-

1090 1258 1144 1274 που
1169 1244 1285 1287 τολμῳην
1312 1244 1344 1272 ἄν
1369 1244 1502 1277 ἐξαπατᾶν
1527 1246 1571 1273 καὶ
1596 1247 1679 1282 ἐκείνῳ
1701 1257 1810 1283 τοιουτῳ
1832 1244 1888 1274 όντι

1092 1286 1223 1320 ἀπιστεῖν,
1250 1288 1281 1315 οὑ
1303 1300 1346 1315 και
1370 1285 1560 1319 ἀποθανόντος
1584 1289 1642 1325 τρία
1669 1289 1711 1323 ἔτη
1738 1287 1885 1326 ἐτυραννεύ-

1093 1334 1189 1383 θησαν
1205 1333 1344 1365 Αθηναῖοι
1373 1328 1425 1358 υπὸ
1453 1330 1500 1358 τοῦ
1528 1328 1641 1380 ἀδελφοῦ
1669 1328 1749 1359 αυτοῦ
1777 1330 1886 1359 Ιππίου

1092 1374 1134 1401 καὶ
1150 1372 1255 1401 πάντων
1277 1384 1308 1400 αν
1329 1372 1380 1400 τῶν
1400 1372 1519 1400 παλαιῶν
1539 1370 1654 1407 η’κουσας
1675 1371 1716 1401 ὅτι
1735 1372 1818 1401 ταῦτα
1834 1371 1885 1410 μό-

1092 1428 1138 1444 νον
1154 1415 1187 1444 τὰ
1210 1416 1252 1450 ἐτη
1273 1415 1391 1452 τυραννὶς
1413 1417 1511 1453 ἐγένετο
1534 1418 1560 1442 ἐν
1577 1414 1712 1465 Αθήνμις,
1730 1414 1777 1444 τὸν
1794 1413 1818 1443 δ
1839 1413 1903 1443 ἆλ-

1092 1460 1137 1486 λον
1152 1457 1249 1496 χρόνον
1266 1455 1341 1495 ἐγγύς
1357 1469 1382 1485 τι
1400 1458 1460 1490 ἔζων
1476 1460 1625 1493 Αθηναῖοι,
1648 1456 1730 1495 ω’ςπερ
1752 1458 1794 1485 ἐπὶ
1810 1456 1913 1495 Κρό-

1092 1513 1138 1529 νου
1164 1498 1352 1537 βασιλεύοντος.
1383 1501 1482 1538 λὲγεται
1509 1500 1535 1528 δὲ
1561 1498 1613 1528 ὑπὸ
1640 1499 1691 1528 τῶν
1714 1501 1887 1538 χαριεστέρων

1092 1541 1243 1580 ανθρώπων
1271 1548 1274 1563 ¹
1303 1542 1346 1570 καὶ
1368 1540 1382 1570 ὃ
1405 1541 1526 1573 θάνατος
1548 1540 1628 1570 αὐτοῦ
1650 1544 1778 1581 γενέσθαι
1801 1540 1832 1570 οὖ
1854 1539 1884 1570 δι’

1092 1585 1108 1613 ἅ
1132 1587 1158 1614 οἱ
1179 1585 1272 1614 πολλοὶ
1294 1582 1434 1621 ᾠήθησαν,
1457 1585 1498 1612 διὰ
1520 1584 1565 1620 τὴν
1587 1585 1630 1620 τῆς
1653 1583 1763 1621 ἀδελφῆς
1785 1583 1888 1622 ἀτιμίαν

1091 1628 1135 1664 τῆς
1151 1629 1319 1665 κανηφορίας·
1338 1627 1443 1655 -ἐπεὶ
1461 1626 1539 1655 τοῦτο’
1556 1639 1585 1665 γε
1603 1626 1748 1662 εὖηθες-
1759 1625 1823 1655 ἀλλὰ
1841 1627 1887 1655 τὸν

1090 1673 1137 1708 μὲν
1158 1669 1293 1708 Ἁρμόδιον
1313 1672 1446 1707 γεγονέναι
1467 1669 1574 1697 παιδικὰ
1601 1670 1648 1698 τοῦ
1668 1671 1888 1708 Ἀριστογείτονος

1091 1714 1135 1741 καὶ
1156 1713 1353 1741 πεπαιδεῦσθαι
1373 1709 1416 1740 ’ὑπ’
1441 1713 1543 1740 ἐκείνου.
1568 1714 1635 1750 μέγα
1662 1710 1686 1740 δ’
1711 1712 1813 1750 ἐφρόνει
1835 1711 1887 1750 ἄρα

1091 1757 1133 1784 καὶ
1152 1754 1166 1784 ὁ
1184 1756 1378 1793 ,Ἀριστογείτων
1396 1755 1436 1782 ἐπὶ
1458 1755 1493 1792 τῷ
1514 1755 1653 1783 παιδεῦσαι
1672 1753 1825 1793 ἄνθρωπον,
1843 1755 1887 1783 καὶ

1092 1797 1282 1836 ἀνταγωνιστὴν
1303 1797 1389 1835 ἡγεῖτο
1417 1795 1481 1825 εἶναι
1508 1798 1554 1826 τὸν
1577 1796 1728 1834 Ἵππαρχον.
1756 1800 1782 1825 ἐν
1803 1799 1887 1834 ἐκείνῳ

1092 1843 1117 1869 δὲ
1140 1841 1175 1878 τῷ
1194 1839 1280 1877 χρόνῳ
1304 1838 1383 1868 αὐτὸν
1405 1840 1451 1868 τὸν
1472 1839 1608 1877 Ἁρμόδιον
1634 1838 1768 1878 τυγχάνειν
1790 1839 1886 1877 ἐρῶντά

1091 1894 1159 1914 τινος
1176 1883 1227 1911 τῶν
1244 1885 1306 1910 νέων
1324 1894 1349 1910 τε
1367 1883 1410 1910 καὶ
1427 1884 1550 1921 γενναίων
1567 1883 1609 1910 καὶ
1627 1883 1711 1910 καλῶν
1731 1888 1734 1902 ¹
1750 1882 1801 1910 τῶν
1816 1881 1885 1910 τότε·

1091 1927 1134 1954 καὶ
1151 1928 1254 1964 λέγουσι
1273 1937 1388 1962 τουνομα
1407 1924 1500 1957 αυτοῦ,
1525 1924 1574 1963 ἐγώ
1596 1925 1622 1953 δὲ
1641 1923 1672 1953 οὐ
1688 1927 1822 1961 μέμνημαι.
1841 1924 1887 1953 τὸν

1091 1981 1137 1997 ουν
1154 1969 1289 1996 νεανίσκον
1306 1968 1400 1996 τοῦτον
1417 1970 1477 1998 τέως
1493 1970 1540 2003 μὲν
1558 1966 1702 2004 θαυμάζειν
1719 1965 1765 1995 τόν
1782 1978 1809 1995 τε
1827 1969 1884 2004 Λρ-

1089 2011 1182 2048 μόδιον
1199 2011 1242 2038 καὶ
1260 2010 1306 2038 τὸν
1319 2008 1526 2048 Ἀριστογείτονα
1544 2009 1578 2041 ὡς
1593 2020 1701 2046 σοφους,
1718 2010 1805 2037 ἔπειτα
1820 2021 1884 2048 συγ-

1089 2052 1228 2092 γενόμενον
1254 2052 1289 2089 τῶ
1317 2050 1449 2090 Ἱππάρχῳ
1469 2053 1678 2105 καταφρονῆσαι
1705 2053 1816 2084 ἐκείνων,
1842 2052 1886 2080 καὶ

1090 2107 1151 2127 τους
1176 2094 1400 2145 περιαλγησαντας
1426 2107 1507 2132 ταυτη
1534 2096 1565 2131 τῇ
1594 2093 1680 2131 ἀτιμίᾳ
1707 2093 1789 2125 ον’τως
1815 2092 1883 2123 ἄπο-

1090 2141 1185 2166 κτεῖναι
1215 2137 1270 2187 τὸν,
1288 2136 1438 2174 Ὶππαρχον.
1489 2143 1532 2164 ΙΠ.
1555 2135 1715 2168 Κινδυνεύεις
1740 2138 1837 2169 τοίνυν,
1864 2136 1884 2164 ὤ

1089 2179 1233 2218 Σώκρατες,
1255 2178 1270 2214 ἢ
1293 2192 1324 2208 ου
1345 2182 1421 2216 φίλον
1441 2191 1472 2216 με
1495 2178 1637 2229 ἡγεῖσθαι,
1647 2177 1671 2214 η’,
1689 2190 1711 2207 ει
1728 2177 1786 2228 ἡγεῖ
1801 2180 1884 2231 φίλον,

1090 2235 1121 2252 ου
1142 2225 1293 2251 πείθεσθαι
1314 2221 1454 2271 Ιππάρχῳ.
1482 2222 1531 2260 ἐγὼ
1552 2221 1604 2270 γὰρ
1627 2220 1698 2252 ὅπως
1724 2233 1756 2249 ου
1783 2220 1816 2249 σὺ
1843 2222 1885 2258 ἐμὲ

1090 2265 1228 2301 ἐξαπατᾷς,
1247 2263 1292 2292 οὐκ
1311 2262 1361 2292 οἷδ’
1383 2271 1386 2285 ¹
1406 2264 1493 2292 ὅντινα
1511 2263 1611 2301 τρόπον
1633 2267 1658 2292 ἐν
1676 2267 1731 2294 τοῖς
1747 2262 1836 2301 λόγοις
1853 2261 1884 2292 οὗ

1089 2307 1198 2345 δύναμαι
1219 2307 1370 2342 πεισθῆναι.
1414 2312 1470 2334 ΣΩ.
1491 2305 1566 2335 Ἀλλὰ
1586 2306 1637 2343 μὴν
1657 2318 1700 2334 και
1721 2304 1804 2343 ω’ςπερ
1821 2317 1884 2334 πετ-

1088 2349 1167 2379 τεύων
1185 2351 1268 2378 ἐθέλω
1287 2350 1330 2377 σοῖ
1350 2353 1375 2377 ἐν
1393 2352 1448 2380 τοῖς
1465 2348 1552 2387 λόγοις
1570 2347 1728 2377 ἀναθέσθαι
1746 2347 1762 2376 ὅ
1779 2360 1803 2376 τι
1821 2346 1884 2384 βού-

1088 2395 1124 2421 λει
1141 2392 1193 2420 τῶν
1209 2391 1356 2429 εἰρημένων,
1379 2394 1421 2419 ἳνα
1441 2392 1477 2428 μὴ
1496 2395 1538 2429 οὶῃ
1557 2391 1753 2423 ἐξαπατᾶσθαι.
1771 2389 1886 2428 πότερον

1086 2435 1138 2474 γάρ
1155 2433 1234 2463 τοῦτο’
1253 2446 1297 2462 σοι
1316 2432 1466 2468 ἇναθῶμαι,
1485 2432 1519 2465 ὧς
1537 2432 1593 2469 οὐχὶ
1615 2433 1666 2461 τῶν
1684 2431 1799 2471 ἀγαθῶν
1814 2431 1883 2460 πάν-

1087 2488 1128 2509 τες
1155 2477 1331 2513 ἐπιθυμοῦσιν
1357 2476 1510 2514 ἇνθρωποι;
1554 2482 1597 2503 ΙΠ.
1616 2475 1664 2510 Μη
1684 2476 1732 2512 μοι’
1746 2486 1783 2513 γε.
1827 2479 1883 2503 ΣΩ.

1084 2517 1148 2548 Ἀλλ’
1168 2517 1202 2550 ὥς
1223 2519 1253 2547 τὸ
1277 2519 1436 2556 ζημιοῦσθαι
1457 2519 1501 2546 καὶ
1522 2517 1537 2554 ἡ
1559 2519 1632 2555 ζημία
1655 2516 1687 2546 οὗ
1704 2516 1796 2550 κακόνς
1839 2522 1882 2545 ΠΙ.

1086 2560 1135 2597 Μή
1155 2563 1202 2598 μοι’
1222 2573 1259 2600 γε.
1303 2566 1358 2589 ΣΩ.
1376 2559 1438 2590 Ἀλλ’
1458 2560 1492 2592 ὧς
1514 2559 1544 2589 οὗ
1566 2561 1598 2598 τῇ
1620 2561 1692 2597 ζημίᾳ
1714 2560 1757 2587 καὶ
1778 2558 1814 2597 τῷ
1841 2561 1881 2595 ζη-

1083 2605 1218 2642 μιοῦσθαι
1239 2603 1268 2632 τὸ
1291 2604 1380 2641 κέρδος
1400 2604 1443 2631 καῖ
1465 2603 1495 2632 τὸ
1513 2603 1652 2640 κερδαίνειν
1670 2603 1796 2635 ἐναντίονς
1839 2607 1882 2629 ln.

1086 2647 1197 2682 Μηδὲ
1220 2646 1305 2675 τοῦτο.
1350 2651 1406 2674 ΣΩ.
1427 2643 1490 2674 Ἀλλ’
1509 2644 1543 2676 ὦς
1566 2646 1680 2673 ἐναντίον
1703 2643 1733 2673 ὂν
1753 2644 1789 2681 τῷ
1812 2642 1882 2680 κακῷ

1086 2687 1132 2718 m'm
1155 2687 1264 2727 ἀγαθόν
1291 2692 1345 2717 ἐστι
1371 2688 1401 2717 τὸ
1428 2689 1578 2726 κερδαίνεινς
1622 2693 1666 2715 ΙΠ.
1688 2686 1749 2716 Οὕτι
1773 2686 1829 2714 πᾶν
1851 2697 1882 2724 γε

1912 1167 1929 1186 B

1908 1475 1942 1518 ,-

1913 1547 1929 1567 C

1907 2650 1941 2669 28⁰
