1998 3084
69 796 103 815 8³2

665 164 724 190 DE
765 164 1016 190 LEGIBUS
1058 165 1154 190 LIB.
1195 165 1215 191 1.

129 258 178 274 των
199 244 250 283 μετ’
273 242 388 281 ἀνδρείας
408 245 559 280 κραθέντων
575 245 660 279 τρίτον
679 242 710 271 ιῗν
726 246 765 279 εἴη
784 241 913 272 δικαιοσύ-

128 300 170 323 νη,
198 290 320 324 τέταρτον
340 287 367 314 δὲ
389 283 498 322 ἀνδρεία.
527 292 531 305 ¹
559 284 640 313 ταῦτα
663 286 689 313 δὲ
709 284 797 314 πάντα
821 287 917 313 ἐκείνων

130 330 282 366 ἔμπροσθεν
302 330 419 356 τέτακται
439 325 528 363 φύσει,
550 327 593 354 καῖ
615 327 644 362 δὴ
666 328 709 355 καὶ
730 328 766 365 τῷ
784 330 917 364 νομοθέτῃ

128 373 235 399 τακτέον
256 369 333 398 οὕτω·
359 368 424 406 μετὰ
447 369 474 396 δὲ
495 368 577 397 ταῦτα
601 369 647 400 τὰς
669 368 746 401 ἄλλας
767 368 918 406 προςτοῖξεις

128 416 183 444 τοῖς
203 413 320 442 πολίταις
339 411 375 442 εἷς
395 410 477 438 ταῦτα
500 410 646 447 βλεπούσας
668 409 756 443 αὖτοῖς
776 410 842 440 εἶναι
860 413 915 439 δια-

128 456 282 486 κελευστέον,
300 452 398 481 τούτων
416 453 442 480 δὲ
459 451 492 480 τὰ
508 465 555 489 μεν
573 452 727 490 ἇνθρωπινα
745 454 781 485 εἰς
795 467 828 482 τα
843 457 916 486 θεῖα,

127 495 160 524 τὰ
183 497 210 523 δὲ
230 498 295 523 θεῖα
317 495 352 526 εἷς
374 494 420 523 τὸν
440 493 553 532 ἦγεμόνα
575 495 636 523 νοῦν
653 494 787 532 ξύμπαντα
806 497 916 533 βλέπειν·

127 539 188 575 περί
202 549 229 565 τε
245 536 345 574 γάμους
360 535 475 571 ἀλλήλοις
490 540 714 574 ἐπικοινουμένους,
731 550 796 574 μετα
811 550 838 566 τε
853 537 916 566 ταῦ-

128 592 160 608 τα
179 582 204 606 ἐν
220 582 277 610 ταῖς
294 579 344 606 τῶν
360 579 459 606 παίδων
475 590 608 616 γεννησεσι
623 580 666 607 καὶ
680 584 797 618 τροφαῖς,
816 579 877 609 ὅσοι
891 592 917 608 τε

129 620 232 659 ἄρ’ῥενες
248 621 291 648 καὶ
309 620 370 648 ὅσαι
388 619 503 655 θήλειαι,
522 624 583 649 νέων
600 633 627 649 τε
646 621 726 650 ὄντων
745 629 748 643 ¹
768 623 810 649 καῖ
829 623 870 650 ἐπὶ
887 621 917 650 τὸ

128 661 302 701 πρεσβύτερον
320 661 410 691 ἰόντων
426 665 498 700 μέχρι
515 662 605 701 γήρως,
624 665 733 700 τιμῶντα
753 662 843 701 ὀρθῶς
861 667 915 692 ἐπι-

127 707 266 742 μελεῖσθαι
284 705 323 732 δεῖ
337 705 381 732 καὶ
398 703 564 742 ἀτιμαζοντα’
591 709 616 733 ἐν
633 705 730 737 πάσαις
748 709 803 737 ταῖς
821 705 918 734 τούτων

128 745 236 784 ὁμιλίαις
256 746 303 778 τάς
323 759 350 775 τε
372 745 453 778 λύπας
475 745 558 775 αὐτῶν
579 749 622 775 καὶ
639 748 685 779 τὰς
701 746 795 783 ἡδονὰς
812 749 855 775 καὶ
872 748 918 778 τὰς

129 790 269 840 ἐπιθυμίας
290 787 443 825 ξυμπάντων
463 801 490 817 τε
513 789 611 827 ἐρώτων
628 790 675 822 τὰς
692 794 705 808 *
724 790 840 821 σπουδὰς
858 793 916 818 ἐπε-

129 833 267 868 σκεμμένον
289 831 332 858 καὶ
352 830 592 869 παραπεφυλαχότα
614 834 702 870 ψέγειν
723 844 749 860 τε
768 831 858 873 ὀρθῶς
876 844 918 859 και

130 876 241 900 ἐπαινεῖν
259 871 287 900 δι
306 871 389 901 αὖτῶν
406 874 456 901 τῶν
473 873 568 911 νόμων
588 878 613 902 ἐν
631 872 721 912 ὀργαῖς
738 887 764 902 τε
783 887 816 902 nv
833 875 876 902 καὶ
894 877 919 901 ἐν

128 913 232 951 φόβοις]
262 914 323 943 ὅσαι
345 927 371 943 Ϊθ
393 915 434 942 διὰ
457 916 589 951 δυςῖυχίαν
609 928 721 953 ταραχαί
744 920 800 947 Ίαῖς
823 919 919 953 Ίμυχαῖς

128 959 259 995 γίγνονται
279 958 323 984 καὶ
341 956 402 985 ὅσαι
420 961 445 985 ἑν
463 956 587 992 εὐτυχίαις
604 957 654 986 τῶν
670 957 794 986 τοιούτων
813 957 916 994 ἀποφυ-

127 1000 180 1037 γαί,
200 998 251 1027 ὅσα
269 1011 296 1027 τε
313 999 379 1027 κατὰ
397 998 491 1030 νόσους
508 998 523 1034 ἦ
541 999 607 1027 κατὰ
625 999 783 1037 πολέμους“
769 1013 783 1035 η
801 1002 889 1031 πενίας
903 998 918 1034 ἢ

129 1039 162 1069 τὰ
178 1039 281 1071 τούτοις
298 1043 398 1069 ἐναντία
415 1040 554 1079 γιγνόμενα
572 1043 725 1079 προςπίπτει
740 1045 794 1073 τοῖς
809 1040 916 1079 ἀνθρώ-

128 1093 188 1114 ποις
207 1081 368 1119 παθήματα,
391 1086 417 1110 ἐν
437 1083 504 1111 πᾶσι
525 1087 580 1114 τοῖς
600 1082 728 1115 τοιούτοις
744 1083 788 1118 τῆς
805 1082 919 1112 ἑκαστων

129 1125 273 1155 διαθεσεως
291 1125 421 1153 διδακτέον
438 1126 481 1152 καὶ
500 1123 617 1162 οριστέον
634 1124 665 1153 τό
682 1137 709 1154 τε
726 1125 805 1154 καλὸν
820 1138 863 1153 και
876 1138 918 1162 μη.

131 1172 136 1188 ¹
153 1166 221 1215 μετὰ
243 1167 269 1194 δὲ
290 1166 372 1195 ταῦτα
395 1164 493 1205 ἀναγκη
514 1167 560 1195 τὸν
581 1170 729 1205 νομοθέτην
749 1167 796 1199 τὰς
821 1166 920 1203 κτήσεις

129 1209 179 1238 τῶν
199 1209 311 1237 πολιτῶν
331 1209 375 1237 καὶ
395 1208 429 1237 τὰ
451 1207 606 1246 ἀναλωματα
624 1209 772 1259 ‹pul-atrecv:
794 1207 868 1238 ὅντιν’
889 1208 920 1237 ἂν

128 1253 245 1290 γίγνηται
261 1249 371 1288 τρόπον,
394 1252 438 1279 καὶ
454 1251 501 1283 τὰς
517 1251 583 1289 πρὸς
599 1250 720 1287 ἀλλήλους
734 1251 800 1280 πᾶσι
819 1251 920 1283 τούτοις

129 1294 261 1324 κοινωνίας
282 1294 324 1320 καὶ
347 1293 472 1325 διαλύσεις
493 1294 582 1322 ἑκοῦσί
601 1306 628 1322 τε
654 1295 697 1322 καὶ
724 1293 828 1327 ἄκουσι,
855 1291 918 1322 καθ

131 1334 226 1364 ὁποῖον
248 1334 279 1363 ἄν
301 1335 410 1364 ἕκαστον
430 1334 565 1373 πράττωσι
581 1336 632 1364 τῶν
649 1336 772 1365 τοιούτων
790 1335 856 1374 πρὸς
874 1334 919 1364 ἀλ-

131 1376 231 1412 λήλους,
255 1380 405 1406 ἐπισκοπεῖν
421 1377 452 1406 τό
470 1390 497 1406 τε
515 1379 614 1406 δίκαιον
631 1391 674 1406 και
690 1378 737 1416 μή,
761 1382 786 1406 ἕν
808 1382 846 1409 οἷς
868 1379 922 1406 ε’στι

131 1431 158 1448 τε
175 1419 219 1448 καὶ
236 1422 262 1447 ἐν
279 1431 317 1451 οις
335 1421 446 1452 ἐλλείπει,
465 1432 508 1447 και
525 1431 580 1451 τοις
595 1423 642 1457 μέν
659 1419 794 1449 εὖπειθέσι
811 1420 861 1449 τῶν
875 1419 919 1448 νό-

130 1473 185 1500 μων
201 1460 275 1498 τιμὰς
293 1460 439 1498 ἀπονέμειν,
458 1466 513 1493 τοῖς
530 1463 556 1490 δὲ
574 1463 724 1494 δυςπειθέσι
742 1464 812 1494 δίκας
828 1462 922 1493 τακτὰς

132 1506 287 1535 ἐπιτιθέναι,
308 1506 381 1541 μέχρι
402 1515 450 1541 περ
473 1510 477 1524 ¹
501 1503 533 1532 ἄν
554 1504 620 1542 πρὸς
636 1506 708 1536 τέλος
726 1503 829 1540 ἁπάσης
846 1506 920 1533 πολι-

132 1547 200 1577 τείας
221 1545 369 1577 ἐπεξελθών
386 1547 426 1583 ἴδῃ
444 1546 495 1574 τῶν
511 1546 714 1582 τελευτησάντων
731 1549 787 1575 τίνα
806 1548 844 1575 δεῖ
860 1545 921 1583 τρό-

132 1599 184 1617 πον
203 1586 321 1619 ἑκάστοις
341 1589 482 1626 γίγνεσθαι
503 1588 550 1619 τὰς
570 1588 655 1625 ταφὰς
672 1590 715 1616 καὶ
732 1589 806 1626 τιμὰς
824 1588 924 1620 ἅςτινας

134 1628 222 1661 αὐτοῖς
243 1628 378 1667 ἀπονέμειν
400 1631 444 1658 δεῖ.
472 1630 580 1658 κατιδὼν
598 1632 625 1659 δὲ
643 1629 657 1659 ὅ
678 1632 736 1662 θεῖς
753 1631 813 1662 τοὺς
829 1629 924 1668 νόμους

135 1671 219 1700 ἅπασι
239 1671 341 1704 τούτοις
361 1671 478 1709 φύλακας
495 1672 633 1708 ἐπιστήσει,
656 1673 716 1705 τοὺς
731 1676 778 1710 μὲν
796 1673 837 1701 διὰ
855 1686 921 1710 φρο-

134 1713 239 1750 νήσεως,
257 1714 318 1745 τοὺς
336 1715 362 1742 δὲ
381 1713 409 1742 δι’
428 1712 545 1750 ἀληθοῦς
564 1715 638 1751 δόξης
655 1714 748 1748 ἶόντας,
769 1715 839 1746 ὅπως
855 1715 921 1742 ποίν-

134 1769 166 1785 τα
191 1755 273 1784 ταῦτα
301 1756 426 1792 ξυνδήσας
449 1769 462 1785 ο
485 1758 545 1789 νοῦς
566 1757 678 1794 ἑπόμενα
701 1770 859 1795 σωφροσυνῃ
882 1758 925 1784 καὶ

135 1797 283 1840 δικαιοσύνῃ
302 1797 435 1850 ἀποφηνῃ,
455 1797 520 1827 ἀλλὰ
537 1799 571 1836 μὴ
588 1799 690 1836 πλούτῳ
707 1801 769 1836 μηδὲ
787 1801 924 1836 φιλοτιμίᾳ.

135 1839 227 1873 ούτως,
245 1852 265 1868 ω
283 1843 362 1873 ξένοι,
385 1842 462 1879 ἔγωγε
480 1840 613 1876 ήθελον’“
597 1855 628 1869 ατ
647 1848 651 1863 ¹
669 1842 746 1878 υμᾶς,
769 1854 812 1869 και
829 1843 865 1869 ἐτι
882 1841 926 1869 νῦν

136 1881 268 1920 βούλομαι,
288 1883 436 1915 διεξελθεῖν,
454 1883 510 1915 πῶς
527 1887 553 1911 ἐν
569 1888 624 1915 τοῖς
640 1885 688 1912 τοῦ
704 1884 766 1933 Διὸς
781 1886 926 1921 λεγομένοις

135 1923 223 1962 νόμοις
239 1928 295 1956 τοῖς
311 1937 338 1953 τε
355 1925 402 1954 τοῦ
419 1927 530 1954 Πυθίου
547 1925 713 1959 Λπόλλωνος,
732 1925 777 1957 οὓς
791 1928 882 1957 Μίνως
898 1937 925 1954 τε

135 1968 179 1995 καὶ
195 1966 345 2005 Λυκοῦργος
363 1969 463 2003 ἐθέτην,
483 1969 565 1996 ἔπεστί
577 1980 604 1996 τε
618 1967 704 1996 πάντα
719 1968 801 1996 ταῦτα
815 1969 858 1996 καῖ
873 1966 926 2005 όπῃ

119 2034 121 2038 .
136 2007 208 2041 τάξιν
228 2008 284 2037 τινὰ
306 2009 429 2045 εἰληφότα
451 2009 558 2045 διάδηλά
580 2014 634 2038 ἐστι
651 2011 685 2038 τῶ
703 2023 761 2047 περι
779 2010 864 2047 νόμων
881 2014 924 2047 ἐμ-

50 2057 54 2077 .“
92 2079 98 2083 ς
118 2067 119 2071 =
136 2052 214 2089 πείρῳ
231 2053 305 2088 τέχνῃ
323 2054 372 2080 εἴτε
390 2053 434 2080 καί
449 2064 516 2080 τισιν
534 2054 622 2085 ἔθεσι,
645 2056 700 2084 τοῖς
722 2053 748 2080 δὲ
767 2051 852 2083 α’λλοις
868 2051 927 2089 ἡμῖν

118 2097 120 2100 ’
138 2091 256 2130 οὗδαμῶς
272 2094 327 2121 ἐστι
344 2093 486 2131 καταφανῆ
528 2101 580 2122 vu.
598 2099 651 2123 KA.
669 2094 733 2126 Ηῶς
751 2095 809 2128 ούνς
828 2106 847 2122 ω
866 2096 926 2126 ξέιε,

137 2137 216 2174 λέγειν
238 2135 288 2173 χρὴ
313 2135 345 2163 τὰ
370 2136 435 2173 μετὰ
461 2136 556 2169 ταῦτα;
600 2142 655 2165 ΑΘ
681 2135 722 2169 Ἐξ
749 2135 827 2173 ἀρχῆς
851 2135 928 2164 παλιν

140 2178 223 2216 ἔμοιγε
241 2178 310 2205 δοκεῖ
324 2178 416 2215 χρῆναι
434 2179 586 2211 διεξελθεῖν,
608 2178 733 2217 καθάπερ
751 2177 903 2215 ἠρξάμεθα,
923 2184 926 2198 ¹

138 2219 170 2247 τὰ
191 2219 235 2270 τῆξ
256 2218 371 2271 ἀνδρείας
392 2220 496 2257 πρῶτον
514 2220 710 2258 ἐπιτηδεύματα·
739 2222 825 2249 ἔπειτα
844 2221 929 2257 ἕτερον

138 2262 181 2290 καὶ
198 2262 303 2293 αύθις“
295 2274 381 2299 ἕτερον
397 2261 465 2293 ειδος
481 2274 526 2298 της
548 2261 637 2300 ἀρετῆς
659 2264 775 2300 διέξιμεν,
799 2262 843 2290 ἐὰν
865 2261 926 2299 βού-

138 2305 234 2339 λησθε
258 2303 328 2335 ὅπως
345 2302 369 2331 δ’
387 2316 418 2332 αν
435 2303 465 2332 τό
484 2305 588 2342 πρῶτον
605 2306 782 2346 διεξέλθωμεν,
800 2303 927 2355 πειρασό-

136 2349 210 2383 μεθα
233 2343 296 2374 αύτὸ
318 2345 482 2384 παραδειγμα
504 2349 612 2384 θέμενοι
629 2359 672 2375 και
689 2348 768 2375 τᾶλλα
787 2346 853 2376 ου’τω
872 2347 927 2374 δια-

137 2387 349 2426 μυθολογοῦντες
379 2387 539 2425 παραμύθια
565 2388 741 2442 πριήσασθαι
776 2389 821 2424 τῆς
855 2387 929 2417 οδοῦ“

138 2428 246 2467 ὕστερον
264 2430 291 2457 δὲ
310 2427 401 2467 ἀρετῆς
416 2429 522 2479 mione,—
529 2443 573 2458 και
591 2431 608 2458 ἅ
624 2443 654 2468 γε
672 2431 716 2459 νῦν
734 2431 763 2466 δὴ
780 2431 928 2468 διηλθομει,

141 2475 220 2500 ἐκεῖσε
238 2472 364 2508 βλέποντα
383 2470 580 2514 ἀποφανοῦμεν,
604 2472 635 2500 ἄν
655 2473 722 2505 θεὸς
744 2476 831 2510 ἐθέλῃ
874 2479 929 2501 ME

139 2513 233 2545 Καλῶς
253 2515 343 2552 λέγεις,
370 2518 383 2532 *
405 2515 448 2542 καὶ
469 2515 549 2552 πειρῶ
570 2514 674 2552 πρῶτον
699 2517 789 2553 κρίνειν
815 2515 861 2544 τὸν
884 2516 931 2543 τοῦ

142 2555 205 2586 Διὸς
227 2558 358 2591 επαινὲτην
378 2555 452 2584 τόνδε
473 2555 539 2593 ἡμῖν.
582 2562 638 2585 ΑΘ.
656 2556 824 2595 Πειρασομαι
842 2558 884 2585 καῖ
903 2560 933 2586 σε’

141 2609 167 2626 τε
188 2610 232 2625 και
254 2597 373 2634 ἐμαυτόν
401 2598 487 2630 κοινὸς
503 2598 554 2637 γὰρ
572 2610 587 2627 ο
605 2598 689 2637 λόγος
714 2602 797 2638 λέγετε
816 2600 872 2628 οὖν·
900 2599 931 2627 τὰ

142 2638 260 2671 ξυσσίτια
281 2651 366 2676 φαμεν
386 2641 429 2668 καὶ
450 2640 483 2668 τὰ
504 2639 635 2679 γυμνάσια
656 2640 723 2678 πρὸς
747 2641 793 2670 τὸν
818 2640 933 2679 πόλεμον

142 2682 300 2719 ἐξευρῆσθαι
318 2683 353 2720 τῷ
369 2685 517 2720 νομοθέτῃ,·
551 2688 607 2710 ΜΕ.
628 2685 691 2711 Ναί.
734 2688 790 2711 ΑΘ.
807 2685 863 2712 Καὶ
877 2685 931 2722 τρί-

1708 165 1756 190 387

966 255 1013 272 τον
1029 242 1044 279 ἢ
1062 245 1195 280 τέταρτον,·
1214 246 1276 275 ἴσως
1291 241 1342 281 γὰρ
1361 241 1392 270 ἂν
1410 242 1476 271 οὕτω
1492 245 1562 279 χρείη
1578 243 1753 280 διαριθμησα-

968 289 1038 314 σθαι
1059 286 1102 313 καὶ
1122 286 1181 322 περὶ
1202 286 1252 313 τῶν
1274 285 1317 320 τῆς
1339 283 1414 319 ἄλλης
1435 283 1525 322 ἀρετῆς
1541 288 1590 313 εἴτε
1607 285 1690 322 μερῶν
1707 288 1756 313 εἴτε

969 325 1021 355 ἅττ
1039 325 1104 355 αὖτὰ
1122 330 1208 355 καλεῖν
1222 339 1304 365 χρεων
1323 330 1387 359 ἐο-τι,
1411 327 1535 363 δηλοῦντα
1551 326 1633 364 μόνον
1648 339 1664 354 α
1684 330 1756 365 λέγει.

968 375 1022 397 ΜΕ.
1042 370 1135 407 Τρίτον
1156 371 1251 402 τοίνυν,
1276 371 1354 417 ἔγωγε
1375 367 1468 406 εἴποιμ
1490 368 1521 397 ἀν
1544 375 1547 389 ¹
1566 370 1610 396 καὶ
1626 370 1754 397 Λακεδαι-

966 413 1062 448 μηνίων
1084 409 1208 462 οςτιςρύν,
1233 411 1277 446 τὴν
1295 410 1383 447 θήραν
1400 422 1465 448 ευρε.
1508 416 1564 439 ΑΘ.
1585 414 1713 449 Τέταρτον
1730 412 1757 439 δὲ

966 453 982 488 ἢ
999 455 1116 490 πέμπτον
1133 453 1155 481 εἶ
1173 454 1319 490 δυναίμεθα
1337 455 1422 491 λέγειν,
1441 452 1601 503 πειρωμεθα.
1636 459 1690 481 ΜΕ.
1707 452 1757 482 Ετι

968 497 1052 523 τοίνυν
1069 507 1112 522 και
1130 495 1159 523 τὸ
1178 498 1300 532 τέταρτον
1318 496 1395 534 ἔγωγε
1413 495 1540 532 πειρώμην
1562 507 1594 523 αν
1615 497 1704 533 λέγειν,
1727 495 1756 523 τὸ

967 549 1026 575 περι
1046 548 1093 568 τας
1114 536 1280 589 καρτερήσεις
1297 538 1348 565 τῶν
1370 535 1515 574 ἀλγηδόνων
1535 537 1602 565 πολὺ
1619 550 1673 574 παρ
1700 536 1758 574 ἡμῖν

968 578 1119 618 γιγνόμενον
1141 580 1167 607 ἕν
1188 591 1214 607 τε
1236 582 1293 610 ταῖς
1313 578 1379 617 πρὸς
1401 577 1522 614 ἀλλήλους
1543 583 1599 610 ταῖς
1614 580 1688 617 χερσὶ
1704 579 1755 616 μυί-

966 632 1025 657 χαις
1047 634 1090 649 και
1112 624 1137 648 ἐν
1159 620 1290 659 ἁρπαγαῖς
1310 633 1362 650 τισι
1384 620 1425 648 διὰ
1447 620 1548 649 πολλῶν
1569 622 1671 659 πληγῶν
1697 620 1755 648 ἑκα-

969 675 1045 692 στοτε
1066 666 1228 701 γιγνομένων.
1256 664 1291 691 ἔτι
1309 665 1335 691 δὲ
1354 663 1396 690 καὶ
1414 662 1535 699 κρύπτειά
1553 674 1590 694 τις
1607 662 1758 700 ὀνομάζεται

969 704 1132 742 θαυμαστῶς
1148 704 1297 737 πολύπονος
1317 704 1384 742 πρὸς
1404 704 1451 736 τὰς
1471 704 1643 741 καρτερήσεις,
1664 704 1757 742 χειμώ-

969 760 1019 776 νων
1039 759 1066 775 τε
1089 753 1093 767 ¹
1117 745 1288 782 ἀνυποδησίαι
1310 749 1352 775 καὶ
1375 745 1517 784 ἀστρωσίαι
1535 747 1577 774 καὶ
1595 745 1655 774 ἄνευ
1672 750 1756 784 θερα-

968 789 1070 818 πόντων
1089 787 1176 838 αὐτοῖς
1193 789 1289 818 ἑαυτῶν
1307 788 1476 824 διακονησεις,
1498 788 1594 825 νύκτωρ
1612 800 1639 816 τε
1656 791 1758 816 πλανω-

967 834 1049 869 μένων
1071 831 1111 858 διὰ
1134 843 1220 866 πασης
1241 831 1284 866 τῆς
1303 842 1390 869 χωρας
1411 843 1454 859 και
1473 828 1535 868 μεθ’
1552 829 1653 867 ημέραν.
1681 832 1716 858 ἔτι
1734 831 1760 858 δὲ

969 873 1016 902 κάν
1038 877 1094 904 ταῖς
1113 875 1311 912 γυμνοπαιδιαῖς
1333 874 1411 902 δειναι
1432 871 1595 910 καρτερήσεις
1617 885 1671 909 παρ
1703 871 1761 909 ἡμῖν

968 918 1100 954 γιγνονται
1126 915 1156 952 τῇ
1183 916 1229 944 τοῦ
1256 918 1362 954 πνίγους
1389 927 1460 954 ρωμῃ
1488 916 1692 951 διαμαχομένων,
1719 915 1762 942 καὶ

969 957 1110 1010 παμπολλα
1138 958 1221 994 ἕτερα,
1249 957 1342 992 σχεδὸν
1368 956 1419 985 ὅσα
1447 955 1493 985 ούκ
1520 956 1552 984 ἇν
1572 955 1704 984 παύσαιτό
1725 966 1762 987 τις

969 999 1092 1028 ἑκαστοτε
1115 999 1218 1030 διεξιών.
1262 1004 1318 1028 ΑΘ
1337 1000 1374 1028 Ευ
1394 1011 1435 1051 γε,
1458 999 1478 1026 ὦ
1496 998 1681 1035 Λακεδαιμόνιε
1699 1001 1761 1030 ξένε,

969 1044 1054 1080 λέγεις
1085 1053 1130 1090 την
1161 1039 1278 1078 ἀνδρείαν
1304 1042 1341 1074 δέ,
1368 1044 1440 1078 φέρε,
1467 1043 1492 1069 τί
1516 1041 1619 1077 θῶμενς
1651 1039 1763 1078 πότερον

970 1083 1056 1115 ἅπλῶς
1077 1082 1158 1114 ούτως
1178 1087 1242 1111 εἶναι
1259 1083 1326 1120 πρὸς
1341 1082 1441 1119 φόβους
1457 1084 1499 1110 καὶ
1519 1089 1522 1102 ¹
1541 1082 1623 1113 λύπας
1638 1081 1763 1119 διαμάχην

968 1125 1062 1163 μόνον,
1084 1124 1099 1160 ἢ
1121 1138 1165 1152 και
1185 1125 1251 1163 πρὸς
1272 1124 1379 1156 πόθους
1400 1136 1427 1153 τε
1449 1125 1492 1152 καὶ
1513 1123 1607 1159 ἦδονας
1628 1126 1673 1152 καί
1692 1135 1763 1155 τινας

971 1167 1054 1199 δεινὰς
1074 1169 1194 1198 θωπείας
1214 1166 1362 1200 κολακικας,
1386 1168 1415 1194 αἰ
1429 1167 1472 1194 καὶ
1490 1166 1540 1194 τῶν
1558 1166 1656 1203 σεμνῶν
1674 1166 1760 1203 οἰομέ-

971 1223 1020 1238 νων
1041 1214 1105 1238 εἶναι
1126 1220 1187 1240 τους
1208 1209 1312 1247 θυμοὺς
1331 1208 1511 1259 μαλάττουσαι
1532 1210 1648 1245 κηρίνους
1669 1208 1760 1236 ποιοῦ-

972 1265 1024 1285 σιν;
1068 1257 1124 1279 ΜΕ.
1149 1250 1225 1288 Οἶμαι
1245 1254 1292 1289 μὲν
1314 1250 1393 1284 οὕτω,
1420 1251 1486 1288 πρὸς
1512 1250 1593 1278 ταῦτα
1620 1250 1762 1287 ξύμπαντα.

971 1299 1026 1323 ΑΘ.
1045 1294 1077 1322 Εἰ
1093 1293 1158 1331 γοῦν
1173 1293 1328 1330 μεμνήμεθα
1345 1293 1406 1325 τοὺς
1424 1294 1582 1342 ἔμπροσθεν
1594 1292 1698 1331 λόγους,
1717 1291 1761 1327 ἣτ-

971 1349 1006 1387 τίο
1028 1336 1100 1377 τινὰ-
1107 1335 1149 1364 ὅδε
1168 1337 1210 1363 καῖ
1227 1335 1303 1364 πόλιν
1321 1336 1404 1374 anyer
1423 1333 1501 1370 αὐτὴν
1519 1333 1596 1369 αὖτῆς
1612 1347 1656 1362 και
1674 1333 1762 1371 α’νδρα

970 1391 1076 1429 ηἷγαρ,
1080 1390 1100 1406 ω
1118 1380 1171 1410 ξένε
1188 1377 1304 1411 Κνωσιες
1334 1382 1387 1406 ΚΛ.
1405 1378 1461 1405 Καὶ
1477 1389 1546 1405 πανυ
1562 1388 1599 1426 γε.
1630 1381 1685 1405 ΑΘ.
1707 1376 1765 1404 Νῦν

973 1421 1018 1449 οὐν
1039 1419 1138 1457 πότερα
1160 1423 1266 1458 λέγομεν
1287 1420 1333 1449 τὸν
1353 1420 1404 1448 τῶν
1427 1426 1431 1439 ¹
1454 1418 1539 1447 λυπῶν
1561 1418 1627 1454 η’ττω
1649 1418 1728 1447 κακὸν
1748 1417 1763 1453 ἢ

973 1476 1016 1491 και
1033 1462 1078 1491 τὸν
1095 1462 1145 1490 τῶν
1162 1461 1260 1497 ηδονών
1275 1462 1386 1499 μᾶλλον,·
1429 1466 1482 1489 K.A
1497 1460 1598 1499 Εμοιγε
1617 1462 1696 1493 δοκεῖ,
1719 1460 1765 1488 τὸν

973 1505 1023 1533 τῶν
1039 1503 1148 1540 ἡδονῶν·
1172 1505 1215 1531 καὶ
1231 1515 1326 1536 παντες
1343 1516 1395 1532 που
1411 1504 1509 1541 μᾶλλον
1527 1506 1632 1541 λέγομεν
1649 1503 1695 1531 τὸν
1711 1501 1763 1530 υπὸ

973 1547 1023 1575 τῶν
1039 1546 1138 1582 ἡδονῶν
1154 1546 1335 1584 κρατούμενον,
1354 1546 1448 1574 τοῦτον
1464 1545 1510 1573 τὸν
1528 1544 1728 1576 ἐπονειδίστως
1719 1544 1763 1579 ἡτ-

973 1601 1037 1618 τονα
1059 1588 1164 1621 εαυτοῦ,
1186 1588 1314 1626 πρότερον
1334 1587 1351 1624 ἢ
1373 1588 1419 1616 τὸν
1435 1586 1487 1616 imi>
1506 1587 1556 1615 τῶν
1573 1586 1665 1615 λυπῶι.
1709 1592 1764 1615 ΛΘ.

971 1631 1000 1660 ‘0
1019 1631 1081 1662 Διὸς
1098 1631 1144 1659 οὖν
1162 1630 1191 1665 δὴ
1209 1631 1252 1658 καὶ
1272 1643 1285 1659 ο
1301 1630 1425 1661 Πυθικὸς
1443 1631 1590 1666 νομοθέτης
1605 1633 1618 1647 *
1634 1627 1664 1657 οὐ
1684 1627 1766 1664 δηπου

972 1673 1056 1709 χωλὴν
1073 1672 1117 1708 τὴν
1136 1671 1254 1710 ἀνδρείαν
1268 1671 1516 1709 νενομοθετήκατον,
1535 1671 1601 1708 πρὸς
1615 1671 1646 1699 τὰ
1663 1669 1764 1708 ἀριστε-

976 1715 1009 1753 ρὰ
1026 1714 1108 1753 μόνον
1126 1716 1264 1751 δυναμένην
1282 1713 1440 1751 ἀντιβαίνειν,
1458 1713 1525 1751 πρὸς
1542 1714 1569 1741 δὲ
1586 1712 1618 1740 τὰ
1638 1713 1706 1745 δεξιὰ
1725 1713 1767 1740 καῖ

975 1757 1065 1795 κομψὰ
1087 1757 1130 1785 καῖ
1152 1756 1302 1785 θωπευτικὰ
1322 1755 1509 1784 ἀδυνατοῦσαν.
1534 1754 1550 1790 ἢ
1567 1755 1634 1793 πρὸς
1652 1754 1766 1792 ἀμφότε-

975 1813 1021 1838 ρα,·
1064 1804 1118 1827 KA.
1140 1799 1216 1836 Πρὸς
1238 1797 1373 1836 ἀμφότερα
1392 1800 1471 1836 ἔγωγε
1490 1796 1559 1829 ἀξιῶ,
1602 1802 1658 1825 ΑΘ.
1677 1799 1766 1835 Λέγω-

973 1854 1021 1894 μεν
1037 1843 1123 1870 τοίνυν
1139 1841 1223 1874 πάλιν,
1243 1840 1428 1891 ἐπιτηδεύματα
1446 1843 1511 1868 ποῖα
1530 1837 1590 1868 ἔσθ’
1605 1838 1665 1877 ὑμῖι
1680 1837 1766 1876 ἀμφο-

975 1887 1059 1922 τέραις
1080 1887 1137 1915 ταῖς
1157 1883 1275 1916 πόλεσιν,
1303 1882 1320 1911 ἃ
1341 1882 1451 1921 γεύοντα
1472 1882 1523 1911 τῶν
1545 1881 1643 1917 ηδονῶν
1668 1883 1712 1909 καὶ
1738 1880 1768 1909 οὐ

975 1926 1105 1976 φεύγοντα
1133 1924 1225 1958 αὐτάς,
1253 1924 1378 1963 καθάπερ
1405 1924 1451 1956 τὰς
1478 1923 1559 1955 λύπας
1585 1936 1630 1952 ουκ
1658 1925 1768 1962 έφευγεν,

978 1967 1029 1996 ἀλλ’
1056 1967 1153 2006 ἄγοντα
1179 1979 1216 1999 εις
1232 1970 1322 2016 μέσας
1346 1966 1470 2006 ἠνάγκαζε
1497 1967 1540 1994 καὶ
1566 1967 1656 1994 ἔπειθε
1678 1969 1769 2003 τιμαῖς,

977 2010 1037 2042 ὥςτε
1055 2014 1157 2047 κρατεῖν
1175 2008 1270 2043 αὖτῶν;
1294 2016 1298 2030 ¹
1321 2009 1373 2038 ποῦ
1396 2008 1425 2044 δὴ
1443 2007 1511 2037 τοῦτ’
1529 2009 1583 2037 ἔστι
1599 2006 1694 2036 ταύτὸν
1711 2020 1787 2047 περι
1785 2006 1791 2034 '1

977 2053 1024 2083 τὰς
1040 2051 1134 2088 ηδονὰς
1152 2054 1354 2090 συντεταγμένον
1372 2054 1397 2079 ἐν
1414 2055 1469 2082 τοῖς
1485 2049 1586 2087 νόμοις,’
1604 2052 1731 2089 λεγέσθω,
1746 2051 1771 2078 τί
1786 2052 1790 2075 ¹

978 2093 1045 2123 τοῦτ’
1068 2096 1147 2126 ἐστίν,
1174 2093 1189 2122 ὂ
1211 2095 1253 2121 καὶ
1276 2092 1446 2131 ἀπεργάζεται
1465 2091 1525 2130 ὑμῖν
1547 2091 1641 2129 ὁμοίως
1661 2091 1728 2130 πρός
1744 2103 1770 2120 τε

980 2135 1122 2174 ἀλγηδόνας
1139 2137 1182 2163 καὶ
1199 2135 1266 2172 πρὸς
1282 2134 1377 2170 ἡδονὰς
1393 2135 1453 2166 τοὺς
1472 2133 1566 2184 αὐτούς
1584 2133 1714 2172 ἀνδρείους
1732 2146 1769 2162 νι-

979 2178 1076 2210 κῶντας
1097 2190 1123 2206 τε
1146 2191 1162 2205 α
1185 2178 1223 2205 δεῖ
1239 2178 1322 2210 νικᾶν,
1344 2178 1388 2205 καὶ
1403 2176 1546 2214 οὖδαμώς
1537 2176 1628 2212 ήττους
1644 2178 1772 2213 πολεμίων

1619 2225 1673 2246 ΜΕ.
1699 2217 1771 2247 Ου’τω

978 2266 1024 2301 μὲν
1041 2265 1138 2295 τοίνυν,
1161 2274 1180 2289 ω
1199 2264 1264 2294 ξένε,
1286 2261 1411 2299 καθάπερ
1429 2261 1495 2299 πρὸς
1512 2261 1559 2292 τὰς
1577 2259 1718 2299 ἀλγηδόνας
1735 2265 1770 2288 εἰ-

978 2317 1027 2341 χον
1048 2304 1143 2341 νόμους
1165 2302 1389 2342 ἀντιτεταγμένους
1410 2303 1521 2334 πολλοὺς
1547 2303 1639 2336 εἶπεῖν,
1669 2301 1714 2331 οὐκ
1741 2314 1773 2330 αν

981 2351 1042 2378 ἴσως
1063 2345 1201 2383 εὐποροίην
1222 2346 1288 2374 κατὰ
1308 2345 1408 2385 μεγάλα
1429 2348 1492 2383 μέρη
1514 2346 1557 2372 καὶ
1579 2345 1689 2381 διαφανῆ
1709 2351 1712 2365 ¹
1731 2347 1771 2372 λέ-

980 2401 1033 2428 γων
1049 2401 1108 2426 περι
1126 2388 1176 2416 τῶν
1193 2387 1301 2437 ἡδονῶν·
1320 2388 1386 2416 κατὰ
1406 2390 1432 2416 δὲ
1451 2387 1544 2439 σμικρὰ
1560 2390 1622 2418 ἴσως
1636 2386 1773 2423 ευποροίην

982 2431 1020 2459 ἄν.
1063 2436 1116 2458 KA.
1142 2428 1178 2458 Οὐ
1198 2443 1249 2482 μην
1270 2428 1326 2458 οὐδ
1348 2429 1379 2458 ἄν
1402 2429 1480 2461 αυτὸς
1497 2431 1576 2483 ἔγωγε
1595 2433 1620 2457 ἐν
1637 2432 1691 2460 τοῖς
1709 2441 1773 2456 κατα

983 2472 1085 2510 Κρήτην
1107 2471 1196 2513 νόμοις
1219 2474 1300 2509 ἔχοιμι
1322 2476 1431 2510 ἐμφανὲς
1452 2470 1548 2509 ὁμοίως
1568 2474 1652 2499 ποιεῖν
1670 2470 1699 2499 τὸ
1718 2483 1772 2499 τοι-

983 2515 1068 2544 οῦτον.
1111 2519 1167 2542 ΑΘ.
1186 2515 1215 2541 :a
1234 2513 1336 2552 α’ριοτοι
1357 2518 1444 2547 ξένων,
1468 2527 1511 2542 και
1529 2512 1602 2543 οὐδέν
1615 2524 1647 2562 γε
1665 2516 1773 2550 θαυμα-

984 2556 1053 2585 στόν.
1082 2555 1133 2584 ἀλλ
1156 2555 1188 2584 ἂν
1210 2555 1260 2594 ἄρα
1282 2569 1320 2588 τις
1336 2556 1406 2594 ημῶν
1423 2569 1482 2593 περι
1500 2556 1560 2587 τοὺς
1576 2554 1692 2583 ἑκάστων
1710 2557 1776 2583 οἴκοι

983 2598 1078 2636 νόμους
1098 2601 1165 2636 ψέξῃ
1186 2611 1221 2631 τι,
1245 2599 1400 2637 βουλόμενος
1422 2600 1484 2627 ἰδεῖν
1505 2597 1536 2626 τό
1558 2609 1584 2625 τε
1607 2595 1705 2632 ἀληθὲς
1723 2596 1776 2634 ἅμα

984 2654 1027 2670 και
1048 2640 1078 2669 τὸ
1102 2641 1243 2677 βέλτιστον,
1265 2641 1299 2679 μὴ
1315 2641 1433 2678 χαλεπῶς
1453 2639 1516 2668 ἀλλὰ
1534 2650 1623 2677 πραως
1642 2637 1775 2674 ἀποδεχώ-

983 2687 1059 2722 μεθα
1077 2681 1195 2718 ἀλλήλων.
1239 2689 1292 2712 ΚΛ.
1308 2682 1422 2722 Ὀρθῶς,
1445 2684 1465 2711 ὦ
1484 2685 1536 2714 ξένε
1554 2684 1690 2716 Ἀθηναιε,
1708 2684 1775 2719 εἴρη-

1450 2732 1502 2755 40⁸

979 2221 1029 2249 Τῶν
1051 2232 1181 2273 CYYUTU‘IOE¹
1200 2220 1297 2248 Εανϊῶν
1318 2232 1360 2247 και
1380 2218 1576 2255 χαλεπωῖαῖων.

1792 1636 1826 1654 034

1797 2014 1814 2032 B
