2050 3084
74 1765 111 1787 218,

772 164 1122 193 SYMPOSIUM.

135 247 236 282 σαμὲνῳ
254 243 385 282 Σωκράτει
406 241 480 272 πάντ’
500 241 623 276 daniam,
646 243 747 281 όσαπερ
766 255 842 276 ουτος
858 243 924 282 ᾕδει-

136 286 263 324 ἐφρόνουν
279 286 331 326 γὰρ
349 286 378 321 δὴ
395 287 437 314 ἐπὶ
454 284 486 323 τῇ
503 284 557 334 ὡρᾳ
576 284 729 323 θαυμάσιον
747 285 819 316 ὅσον.
843 286 925 315 ταῦτα

137 330 182 357 οὖν
200 330 355 364 διανοηθείς,
373 327 425 365 πρὸ
443 326 490 356 τοῦ
508 326 553 356 οὐκ
571 327 674 359 εἷωθώς
695 327 755 356 α’νευ
773 327 926 358 ἀκολούθου

135 369 215 408 μόνος
227 383 273 408 μετ
294 369 373 398 αὐτοῦ
387 371 534 408 γίγνεσθαι,
551 369 609 398 τότε
625 368 786 407 ἀποπέμπων
800 370 846 399 τὸν
861 369 923 399 ἀκό-

137 415 239 441 λουθον
254 411 335 450 μόνος
349 410 537 449 συνεγιγιιόμην.
558 417 561 432 ¹
581 413 619 440 δεῖ
631 410 683 450 γὰρ
697 412 763 449 πρὸς
776 411 843 449 ’ὑμᾶς
857 412 923 440 πάν*

136 467 168 482 τα
190 453 293 490 ταληθῆ
315 454 405 482 εἰπεῖν·
436 452 499 481 ἀλλὰ
522 457 656 491 προςέχετε
677 453 722 482 τὸν
744 455 815 487 νοῦν,
839 456 882 482 καὶ
904 466 926 482 ει

134 494 273 533 ψευδομαι,
300 494 447 533 Σωκρατες,
475 498 593 534 ἐξέλεγχε.
621 495 804 534 συνεγιγνόμην
824 496 926 535 γάρ,ω

136 537 231 575 α’νδρες,
248 537 329 575 μόνος
344 536 422 575 μόνῳ,
441 538 484 565 καῖ
503 536 571 575 ᾤμην
589 536 678 566 αυτίκα
695 539 862 570 διαλέξεσθαι
877 551 923 566 αυ-

135 579 180 608 τόν
195 591 240 617 μοι
263 579 328 617 ἅπερ
351 578 383 607 ohe
405 578 513 617 ἐραστης
534 581 662 628 παιδικοῖς
683 583 709 608 ἐν
731 582 819 633 ἐρημίᾳ
841 582 923 608 διαλε-

133 623 220 658 χθείη,
238 622 281 649 καὶ
300 623 408 659 ἔχαιρον.
427 633 524 650 τουτων
539 620 562 649 δ
581 634 611 650 ου
624 621 694 659 μα’λα
714 624 824 660 ἐγίγνετο
845 620 925 655 οὐδέν,

135 662 185 692 ἆλλ
206 663 287 701 ὥςπερ
305 663 396 691 εἶωθει
414 663 585 699 διαλεχθεῖς’
574 663 606 692 οἶν
619 676 665 701 μοι
679 665 722 692 καὶ
738 663 927 701 συνημερεύσεις

135 704 213 743 ᾤχετο
233 703 322 733 dmm.
339 705 404 742 μετὰ
422 706 502 734 ταῦτα
519 706 747 766 συγγυμνιὶἔεσθαι
762 704 924 744 προύκαλού-

134 760 184 785 μην
202 746 280 776 αὐτὸν
299 754 302 768 ¹
322 749 365 775 καὶ
387 747 619 788 συνεγυαναζόμην,
643 747 676 779 ὥς
697 761 721 776 τι
743 748 860 777 ἐνταῦθα
878 760 925 776 πε-

135 789 226 827 ρανῶν.
254 789 453 828 συνεγυμνάζετο
477 791 522 818 οὖν
542 802 587 827 μοι
609 791 651 818 καῖ
669 789 841 827 προςεποῖλαιε
859 793 924 819 πολ-

136 831 205 863 λάκις
227 830 330 863 οὐδενὸς
351 831 487 870 παρόντος,
514 833 557 860 καὶ
575 833 599 860 τί
616 833 654 860 δεῖ
670 834 761 870 λέγειν;
785 831 859 861 οὐδὲν
874 831 926 870 γάρ

134 886 179 911 μοι
196 876 273 902 πλέον
291 869 327 909 ἦν.
355 873 439 910 ἐπειδὴ
462 875 488 902 δὲ
511 873 610 911 οὐδαμῇ
628 873 708 911 ταύτῃ
729 873 831 909 ἤνυτον,
856 875 927 906 ἔδοξέ

135 928 180 953 μοι
197 919 334 944 ἐπιθετέον
350 915 414 944 εἶναι
432 915 520 954 τάνδρὶ
537 916 603 944 κατὰ
625 915 655 944 τὸ
677 916 802 954 καρτερὸν
819 917 862 944 καὶ
880 915 926 944 οὐκ

136 957 249 990 ἀνετέον,
277 957 409 995 ἐπειδίπερ
437 957 604 996 ἐγκεχειρήκη,
632 956 696 985 ἄλλα
719 958 805 986 ἰστέον
826 957 880 1007 ἤδη,
903 960 928 986 τί

137 1004 190 1028 ἐστι
207 999 236 1028 τὸ
255 1000 371 1049 πρᾶγμα.
389 1000 568 1049 προκαλοῦμαι
587 998 615 1048 δὴ
634 997 713 1027 αὐτὸν
730 1000 796 1037 πρὸς
814 999 842 1028 τὸ
862 1012 924 1027 συν-

136 1043 251 1074 δειπνεῖν,
271 1040 381 1076 ἆτεχνῶς
402 1040 483 1078 ω’ςπερ
506 1041 615 1078 ἐραστὴς
631 1042 760 1072 παιδικοῖς
777 1041 923 1082 ἐπιβουλευ-

135 1095 177 1111 ων
194 1085 238 1111 καί
252 1095 297 1120 μοι
316 1081 375 1111 οὐδὲ
394 1089 398 1104 ¹
417 1082 494 1112 τοῦτο
509 1082 574 1118 ταχυ
587 1081 749 1132 ὑπήκουσεν,
757 1082 826 1120 ὅμως
840 1082 863 1110 δ
881 1084 927 1112 οὖν

132 1124 217 1163 χρόνω
235 1127 355 1160 ἐπείσθη.
374 1124 457 1160 ἐπειδὴ
476 1126 502 1152 δὲ
521 1123 626 1176 ἄφίκετο
644 1124 674 1153 τὸ
692 1136 804 1162 πρωτον,
823 1124 924 1160 δειπνή-

135 1178 184 1199 σας
202 1165 303 1195 ἀπιέναι
321 1166 447 1203 ἐβουλετο.
465 1167 509 1194 καὶ
523 1165 581 1195 τότε
594 1169 642 1204 μὲν
657 1166 842 1205 αἰσχυνόμενος
857 1166 924 1203 ἀφῆ-

134 1222 166 1238 κα
186 1207 274 1237 αὐτόν·
295 1209 375 1240 αὖθις
392 1210 418 1237 δὲ
437 1208 627 1246 ἐπιβουλευσας,
647 1209 731 1244 ἐπειδὴ
754 1208 925 1244 εδεδειπνήκει,

135 1250 281 1290 διελεγόμην
304 1249 394 1290 πόῤῥω
420 1250 471 1279 τῶν
497 1251 599 1283 νυκτῶν,
626 1263 668 1279 και
695 1251 779 1287 ἐπειδὴ
807 1251 926 1288 ἐβουλετο

136 1292 243 1326 ἀπιέναι,
263 1292 445 1331 σκηπτόμενος,
465 1292 504 1321 ὅτι
523 1291 573 1330 ὀψὲ
591 1296 636 1328 εἴη,
655 1292 858 1344 προςηνοῖγκασα
877 1292 924 1322 αὗ-

134 1336 181 1364 τὸν
193 1338 283 1374 μένειν.
302 1347 444 1364 ανεπαυετο
461 1335 507 1364 οὐν
522 1339 548 1363 ἐν
561 1336 593 1372 τῇ
609 1338 714 1373 ἐχομένη
730 1336 792 1373 ἐμοῦ
807 1338 885 1374 κλίνῃ,
902 1340 927 1363 ἐν

133 1380 199 1416 ῂπερ
217 1379 330 1411 ἐδείπνει,
348 1378 391 1406 καὶ
409 1375 492 1409 ουδεις
506 1380 532 1405 ἐν
546 1377 581 1414 τῷ
597 1377 714 1414 οἷκηματι
730 1377 806 1410 ἄλλος
822 1378 925 1414 καθηυ-

135 1419 209 1449 δεν“
193 1433 218 1470 η’1
225 1419 302 1458 ἡμεῖς.
326 1425 330 1440 ¹
351 1422 424 1458 μέχρι
443 1422 490 1457 μὲν
512 1431 557 1448 ουν
575 1419 605 1455 δὴ
623 1420 697 1457 δεῦρο
716 1432 763 1448 του
781 1419 861 1459 λόγου
877 1433 925 1448 κα-

135 1462 184 1494 λῶς
201 1461 233 1490 ἆν
251 1463 305 1498 ἔχοι
321 1463 365 1490 καὶ
381 1461 448 1499 πρὸς
469 1460 586 1490 ὁντινοῦν
602 1463 692 1500 λέγειν·
712 1462 742 1491 τὸ
762 1460 785 1490 δ
806 1462 927 1491 ἐντεῦθεν

136 1517 182 1533 ουκ
200 1503 232 1533 ἄν
247 1516 300 1542 μου
315 1516 443 1540 ηκουσατε
460 1506 587 1542 λέγοντος,
611 1503 634 1532 εἳ
649 1504 684 1541 μὴ
701 1504 805 1554 πρῶτον
824 1507 877 1542 μέν,
896 1504 926 1532 τὸ

134 1545 283 1585 λεγόμενον,
306 1544 376 1578 οῗνος
397 1545 457 1575 α’νευ
477 1558 505 1574 τε
526 1547 626 1574 παίδων
642 1547 684 1574 καὶ
700 1546 765 1598 μετὰ
782 1548 881 1575 παίδων
897 1547 928 1582 ἠν

135 1588 247 1625 ἀληθής,
270 1590 357 1617 ἔπειτα
379 1586 506 1626 ἀφανίσαι
521 1587 678 1626 Σωκρατους
700 1590 775 1627 ἔργον
791 1587 925 1627 ὗπερήφα-

134 1644 179 1660 νον
196 1631 233 1663 εἷς
250 1632 354 1660 ἔπαινον
375 1630 490 1659 ἐλθόντα
513 1629 602 1659 ἄδικόν
621 1643 667 1668 μοι
688 1632 813 1667 φαίνεται.
842 1633 877 1660 ἔτι
900 1632 926 1659 δὲ

134 1673 163 1702 τὸ
190 1673 238 1702 τοῦ
264 1675 407 1709 δηχθέντος
430 1672 483 1701 ’ὑπὸ
506 1672 554 1702 τοῦ
576 1674 652 1709 ἔχεως
671 1672 766 1705 πάθος
786 1672 851 1711 κάμὲ
870 1675 926 1709 ἔχει.

134 1716 201 1753 φασὶ
212 1714 268 1768 ἵγάρ
285 1714 338 1744 πού
356 1728 410 1744 τινα
428 1715 506 1744 τοῦτο
523 1714 651 1744 παθόντα
669 1713 716 1744 οὖκ
734 1718 834 1744 ἐθέλειν
847 1718 928 1767 λέγειν

135 1762 190 1787 οἱον
208 1760 238 1792 ἦν
253 1757 319 1793 πλὴν
336 1761 391 1789 τοῖς
409 1759 594 1809 δεδηγμένοις,
601 1756 636 1789 ὦς
646 1757 745 1806 Πμόνοις
763 1762 775 1776 *
792 1760 925 1796 γνωσομέ-

133 1811 186 1832 νοις
202 1812 230 1828 τε
246 1801 290 1828 καὶ
312 1802 544 1838 συγγνωσομένοις,
571 1799 595 1828 εἰ
619 1800 673 1828 πᾶν
699 1799 792 1837 ἐτόλμα
815 1800 879 1837 δρᾶν
900 1812 926 1828 τε

133 1843 176 1870 καὶ
193 1844 273 1880 λέγειν
289 1840 341 1870 ὖπὸ
359 1841 403 1878 τῆς
421 1840 516 1877 ὀδύνης.
536 1841 584 1891 ἐγώ
603 1854 649 1870 ουν
666 1843 816 1893 δεδηγμένος
833 1855 859 1871 τε
873 1841 925 1870 υπὸ

134 1883 316 1922 ἆλγεινοτέρου
336 1885 380 1912 καὶ
401 1883 430 1912 τὸ
455 1882 636 1922 ἇλγεινότατον
657 1885 693 1912 ὧν
715 1883 746 1912 ἂν
763 1896 800 1916 τις
818 1886 926 1920 δηχθείη

132 1944 174 1948 —
191 1925 236 1961 τὴν
252 1927 359 1964 καρδίαν
375 1926 427 1964 γὰρ
444 1925 459 1961 ἢ
475 1926 560 1964 ψυχὴν
580 1925 595 1961 ἢ
614 1925 630 1955 ὅ
646 1939 670 1954 τι
688 1927 727 1955 δεῖ
743 1925 807 1955 αὐτὸ
827 1926 924 1964 ὀνομά-

133 1981 179 1997 σαι
195 1970 298 2020 πληγείς
314 1980 341 1996 τε
358 1969 402 1996 καὶ
420 1969 526 2004 δηχθεὶς
542 1967 594 1997 ὑπὸ
612 1968 662 1996 τῶν
680 1972 705 1997 ἐν
722 1971 865 2021 φιλοσοφίᾳ
880 1968 924 1997 λό-

132 2023 192 2049 γων,
211 2023 236 2039 οι
260 2012 361 2046 ἔχονται
387 2012 483 2046 ἐχίδνης
509 2009 676 2049 ἆγριωτερον,
701 2014 760 2039 νέου
784 2012 868 2049 ψυχῆς
891 2024 926 2048 μη

134 2051 233 2090 αφιυοῧς
251 2052 315 2081 όταν
331 2052 474 2094 λαβωνται,
485 2053 532 2089 καὶ
545 2054 653 2082 ποιοῦσι
671 2053 734 2091 δρᾶν
748 2066 775 2082 τε
790 2066 833 2082 και
847 2056 927 2091 λέγειι

135 2093 221 2124 ὅτιοῧν
237 2112 278 2116 -
295 2096 339 2123 καὶ
357 2094 424 2133 ορῶν
442 2096 475 2123 αὐ
496 2096 631 2133 Φαιδρους,
649 2095 772 2134 Λγαθωι
774 2107 811 2128 ας,
832 2102 835 2117 ¹
853 2094 924 2133 Ερυ-

134 2136 267 2175 ξιμοῖχους,
290 2139 457 2170 Παυσανίας,
479 2137 678 2175 Αριστοδήμους
699 2150 726 2166 τε
748 2151 791 2166 και
808 2143 925 2176 ,Ἀριστο-

134 2178 227 2216 φόνοις
245 2179 372 2217 Σωκράτη
394 2180 421 2208 δὲ
443 2177 522 2208 αὐτὸν
539 2181 564 2207 τί
581 2181 619 2208 δεῖ
635 2181 678 2207 καί
696 2183 783 2219 λέγειν,
806 2182 849 2208 καὶ
867 2180 927 2209 ὅσοι

135 2220 218 2255 ἄλλοι,-
244 2221 340 2254 πάντες
355 2221 407 2260 γὰρ
428 2221 624 2256 κεκοινωνήκατε
646 2222 689 2258 τῆς
706 2221 856 2259 φιλοσόφου
872 2236 924 2260 μα-

134 2266 188 2295 νίας
204 2276 231 2292 τε
248 2265 291 2292 καὶ
309 2264 438 2301 βακχείας·
458 2263 497 2292 διὸ
515 2263 610 2295 πάντες
625 2262 788 2293 ἅκούσεσθε’
808 2263 924 2303 συγγνώ-

135 2309 219 2334 σεσθε
235 2305 287 2344 γὰρ
304 2309 360 2338 τοῖς
375 2318 403 2334 τε
421 2304 479 2334 τότε
496 2309 643 2343 πραχθεῖσι
660 2308 704 2334 καὶ
721 2311 776 2338 τοῖς
791 2308 835 2335 νῦν
848 2310 923 2345 λεγο-

132 2350 223 2386 μένοις.
243 2348 268 2376 οἱ
287 2349 313 2377 δὲ
331 2348 435 2380 οἶκεται,
454 2349 497 2376 καὶ
514 2360 535 2376 ει
552 2359 591 2380 τις
609 2347 685 2380 α’λλος
703 2350 757 2377 ἐστι
775 2349 880 2386 βέβηλός
900 2361 925 2376 τε

133 2391 176 2418 καὶ
194 2388 322 2428 α’γροικος,
341 2390 422 2421 πύλας
445 2402 514 2418 πανυ
535 2389 660 2432 μεγάλας
671 2394 726 2422 τοῖς
748 2403 813 2420 ωσιν
832 2393 923 2419 ἐπίθε-

135 2435 195 2460 σθε.
238 2438 355 2460 XXXIV.
372 2430 471 2467 Ἐπειδὴ
492 2432 544 2470 γὰρ
567 2433 620 2464 οὖν,
639 2434 659 2460 ὠ
667 2431 779 2483 ςα’νδρες,
802 2432 819 2462 ὅ
836 2445 862 2461 τε
879 2432 923 2461 λυ-

131 2485 193 2510 χνος
210 2472 348 2512 &usuarium
369 2476 412 2502 καὶ
434 2475 461 2503 οἱ
482 2475 601 2505 names-³
594 2476 641 2506 ἔξω
662 2475 740 2510 ἦσαν,
766 2482 769 2496 ¹
794 2476 866 2507 ἔδοξέ
880 2487 926 2513 μοι

130 2516 221 2554 χρῆναι
241 2518 319 2553 μηδὲν
339 2519 476 2545 ποικίλλειν
497 2516 563 2553 πρὸς
585 2515 676 2549 αὐτόν,
709 2515 760 2544 ἀλλ
785 2520 927 2555 ελευθέρως

132 2559 212 2587 εἰπεῖν
230 2557 247 2586 ἅ
262 2571 308 2596 μοι
326 2558 413 2587 ἐδόκει.
432 2560 476 2586 καὶ
493 2557 567 2586 εἷπον
584 2570 688 2593 κινησας
710 2557 797 2593 αυτόν,
806 2558 925 2600 Σώκρα-

132 2611 180 2633 τες,
198 2600 347 2634 καθεύδειςς
382 2599 419 2629 Ov
436 2601 506 2636 δῆτα,
525 2601 540 2635 ἦ
559 2599 582 2627 δ’
602 2600 637 2632 ὅς.
675 2599 766 2629 Οἶσθα
785 2602 830 2630 οὖν
849 2601 866 2629 α’
880 2614 926 2639 μοι

133 2643 260 2675 δέδοκταις
305 2645 337 2670 Τί
351 2642 476 2680 μαλιστας
500 2644 554 2678 ἔφη.
596 2642 637 2670 Σὺ
659 2644 715 2680 ἐμοὶ
737 2644 830 2676 δοκεῖς,
853 2644 883 2679 ἦν
901 2642 924 2670 δ’

133 2683 189 2723 ἐγώ,
208 2684 270 2722 ἐμοῦ
288 2685 398 2722 ἐραστὴς
412 2684 484 2717 ἄξιος
497 2687 629 2723 γεγονέναι
642 2684 731 2722 μόνος,
746 2688 791 2714 καί
802 2698 848 2723 μοι
862 2687 924 2722 φαί-

1718 166 1765 193 571

977 258 1012 274 νει
1038 243 1121 274 ὀκνεῖν
1144 244 1296 283 μνησθῆναι
1321 245 1387 282 πρός
1406 257 1446 283 με.
1474 245 1522 295 ἐγώ
1545 246 1572 273 δὲ
1594 244 1691 274 οὖτωσὶ
1707 246 1765 281 ε’χω

976 287 1045 316 πάνυ
1063 286 1173 323 ανόητον
1190 286 1302 326 ἧγοῦμαι
1319 286 1385 316 ειναί
1401 299 1444 316 σοι
1460 288 1495 325 μὴ
1514 286 1544 315 οὗ
1561 289 1604 315 καὶ
1621 299 1699 316 τουτο
1715 300 1766 323 χα-

976 332 1097 367 ρίζεσθαι
1114 331 1157 358 καὶ
1174 332 1200 358 εἴ
1213 342 1237 358 τι
1252 329 1314 358 α’λλο
1332 328 1347 365 ἢ
1365 330 1408 365 τῆς
1426 328 1517 361 οὐσίας
1534 330 1577 365 τῆς
1594 330 1653 367 ἐμῆς
1670 328 1768 358 δέοιο”
1753 342 1767 364 η

976 373 1026 400 τῶν
1043 373 1122 408 φίλων
1139 371 1190 400 τῶν
1207 377 1211 392 ¹
1232 371 1303 409 ἐμῶν.
1331 373 1386 409 ἐμοι
1409 374 1456 409 μὲν
1472 372 1523 410 γὰρ
1543 370 1615 400 οὐδέν
1632 375 1686 400 ἐστι
1703 384 1766 409 πρε-

978 413 1102 466 σβότερον
1119 413 1166 442 τοῦ
1184 424 1218 445 ως
1235 413 1250 441 ὅ
1268 426 1291 441 τι
1309 414 1439 450 βέλτιστον
1457 417 1499 451 ἐμὲ
1515 416 1654 452 γενέσθαι,
1673 413 1768 442 τούτου

977 455 1000 483 δ’
1021 454 1094 492 οἶμαί
1108 468 1154 493 μοι
1172 454 1335 492 συλλήπτορα
1355 454 1445 484 οὐδένα
1464 455 1615 493 κυριώτερον
1629 468 1694 484 ειναι
1709 456 1766 484 σοῦ.

977 498 1026 536 ἐγώ
1044 497 1073 533 δὴ
1092 497 1200 534 τοιούτω
1219 510 1250 525 αι
1252 498 1292 535 δρι
1308 497 1376 526 πολὺ
1391 498 1490 534 μᾶλλον
1507 496 1539 525 ἂν
1554 497 1589 534 μὴ
1601 497 1768 536 χαριζόμενος

978 540 1145 577 αἰσχυνοίμην
1169 538 1230 570 τοὺς
1255 541 1407 576 φρονίμους,
1435 552 1449 574 η
1469 539 1635 589 χαριζόμενος
1656 551 1716 571 τους
1741 551 1768 567 τε

976 581 1088 613 πολλους
1104 593 1148 610 και
1166 592 1289 618 αφρονας.
1332 583 1387 608 Καὶ
1405 582 1482 613 οὗτος
1503 580 1618 613 ακούσας
1638 581 1708 623 μάλα
1731 581 1766 610 εῖ-

977 623 1086 661 ρωνικῶς
1103 636 1146 651 και
1168 622 1271 660 σφόδρα
1289 623 1371 651 ἑαυτω
1391 622 1526 654 εἷωθότως
1548 624 1640 656 ἔλεξεν,
1663 624 1691 651 Ὠ
1712 625 1769 660 φίλε

976 665 1125 702 Λλκιβιοὶδη,
1143 664 1291 696 κινδυνευεις
1308 677 1343 702 τω
1361 663 1415 693 ὄντι
1434 678 1464 693 ου
1485 666 1584 701 φαῦλος
1604 664 1679 698 εἶναι,
1698 669 1768 714 εἴπερ

978 706 1066 743 ἆληθῆ
1083 706 1202 745 τυγχάιει
1217 705 1279 735 όντα
1300 713 1303 727 ¹
1324 706 1340 733 οἱ
1355 709 1433 745 λέγεις
1449 719 1508 745 περι
1523 707 1592 744 ἐμοῦ,
1608 709 1652 735 καί
1664 719 1701 739 τις
1717 706 1766 735 ἴστ’

978 753 1004 778 ἐν
1022 750 1078 786 ἐμοι
1096 749 1206 786 δύναμις,
1226 747 1254 776 δι
1274 750 1303 784 ἡς
1321 748 1353 798 α’,ν
1371 761 1403 777 συ
1420 751 1505 787 γένοιο
1525 747 1642 786 ἀμείνων·
1667 748 1768 801 ἀμήχα-

977 790 1023 820 νόν
1044 804 1085 820 τοι
1106 791 1198 820 καλλος
1220 790 1301 828 ορῴης
1324 789 1355 818 οἷν
1377 795 1402 819 ἐν
1424 792 1480 828 ἐμοὶ
1501 792 1544 819 καὶ
1565 790 1609 826 τῆς
1629 791 1702 828 παρὰ
1725 792 1769 819 σοὶ

977 832 1118 871 εὐμορφίας
1143 832 1268 870 πάμπολυ
1295 834 1424 870 διαφέρον.
1450 833 1473 861 εἷ
1495 832 1525 868 δὴ
1551 833 1678 871 καθορῶν
1705 832 1768 861 αὐτὸ

977 875 1164 905 κοινώσασθαί
1180 878 1206 903 τέ
1221 887 1267 912 μοι
1285 878 1416 912 ἐπιχειρεῖς
1433 876 1476 903 καὶ
1494 873 1663 907 ἀλλάξασθαι
1677 874 1770 906 κάλλος

978 916 1034 945 ἀντὶ
1051 917 1167 950 κάλλους,
1186 916 1232 946 οὐκ
1251 915 1327 956 ὀλίγῳ
1343 929 1395 954 μου
1411 919 1571 946 πλεονεκτεῖν
1592 918 1696 950 διανοεῖ,
1715 916 1766 944 ἀλλ’

979 972 1034 987 ιιντι
1056 959 1132 994 δόξης
1154 958 1281 993 ἀληθειαν
1301 959 1385 987 καλῶν
1406 959 1525 987 κτᾶσθαι
1548 962 1678 996 ἐπιχειρεῖς
1696 964 1708 977 *
1725 960 1769 986 καὶ

977 1002 1011 1038 τῷ
1030 1000 1084 1029 ὄντι
1102 1001 1201 1050 χρύσεα
1221 1002 1345 1036 χαλκείων
1366 1001 1547 1038 διαμείβεσθαι
1568 1005 1642 1033 νοεῖς.
1669 1000 1731 1034 ἀλλ,
1749 996 1770 1029 ὦ

976 1055 1094 1080 μακαριε,
1114 1042 1218 1080 α’μεινον
1236 1042 1334 1075 σκόπει,
1352 1055 1386 1079 μη
1406 1055 1435 1071 σε
1453 1042 1578 1071 λανθάνω
1597 1042 1672 1071 ουδὲν
1689 1042 1731 1071 ὢν.
1754 1042 1770 1078 ἦ

978 1097 1018 1113 τοι
1044 1085 1088 1120 τῆς
1109 1086 1224 1115 διανοίας
1246 1084 1307 1121 ὄψις
1333 1083 1437 1121 ἄρχεται
1465 1083 1510 1117 οξὺ
1537 1085 1647 1121 βλέπειν,
1675 1085 1738 1113 όταν
1754 1098 1770 1120 η

978 1127 1028 1155 τῶν
1051 1125 1172 1164 ὀμμάτων
1194 1127 1237 1161 τῆς
1259 1125 1339 1163 ἇκμῆς
1355 1126 1439 1164 λήγειν
1457 1127 1580 1164 ἐπιχειρῇ·

978 1181 1028 1197 των
1046 1169 1081 1196 ἔτι
1098 1167 1196 1207 πόρρω.
1239 1167 1322 1206 Καγω
1345 1167 1471 1200 ἀκούσας,
1501 1169 1539 1196 Τὰ
1556 1172 1602 1205 μὲν
1619 1181 1671 1206 παρ
1700 1169 1769 1206 ἐμοῦ,

979 1212 1048 1247 ἔφην,
1071 1208 1141 1239 ταῦτ
1161 1212 1240 1243 ἐστίν,
1268 1212 1303 1238 ὡν
1325 1208 1399 1238 οὐδὲν
1417 1209 1497 1242 ἄλλως
1514 1214 1610 1248 εἴρηται
1628 1224 1643 1245 η
1661 1210 1694 1242 ὦς
1712 1212 1768 1238 δια-

979 1253 1099 1290 νοοῦμαι
1119 1253 1152 1281 σὺ
1171 1254 1198 1281 δὲ
1216 1250 1294 1284 αὐτὸς
1312 1252 1378 1280 οὕτω
1393 1251 1524 1290 βουλεύου,
1544 1252 1559 1281 ὅ
1574 1265 1597 1280 τι
1612 1254 1657 1281 σοί
1670 1265 1696 1281 τε
1713 1252 1768 1290 α’ρι-

979 1307 1042 1324 στον
1059 1296 1103 1322 καὶ
1121 1296 1176 1332 ἐμοι
1197 1294 1259 1333 ἡγεῖ.
1302 1293 1375 1327 Λλλ,
1399 1296 1458 1331 ε’φη,
1480 1294 1559 1323 τοῦτό
1580 1307 1609 1333 γε
1631 1296 1659 1323 εὐ
1680 1298 1769 1333 λὲγεις

979 1341 1004 1365 ἐν
1021 1336 1072 1376 γὰρ
1095 1338 1129 1374 τῷ
1153 1337 1249 1366 ἐπιόντι
1267 1336 1353 1374 χρόνῳ
1376 1343 1380 1358 ¹
1404 1336 1584 1374 βουλευόμενοι
1593 1336 1737 1390 πράξομεν
1755 1349 1769 1365 ο

979 1379 1011 1407 ἂν
1027 1381 1149 1416 φαίνηται
1167 1379 1215 1416 νῷν
1232 1381 1291 1416 περί
1310 1391 1338 1407 τε
1360 1391 1457 1407 τουτων
1478 1392 1521 1407 και
1542 1391 1599 1417 περι
1622 1380 1672 1407 τῶν
1690 1378 1772 1406 αλλων

979 1421 1093 1459 ἄριστον.
1122 1420 1185 1460 Ἐγώ
1198 1423 1245 1458 μὲν
1263 1406 1293 1456 δὴ
1309 1420 1392 1449 ταῦτα
1408 1419 1523 1453 ἄκουσας
1537 1433 1564 1449 τε
1578 1422 1622 1449 καὶ
1636 1421 1714 1449 εἶπών
1729 1422 1772 1449 καὶ

980 1475 1054 1500 αφεις
1071 1463 1152 1501 ὥςπερ
1171 1464 1228 1500 βᾶη
1246 1463 1397 1500 τετρῶσθαι
1412 1462 1491 1492 αὐτὸν
1506 1462 1581 1501 ὤμην.
1600 1476 1641 1490 και
1659 1462 1773 1494 ιῗναστας

978 1518 1015 1544 γε,
1035 1504 1094 1534 οὐδὲ
1113 1507 1251 1543 ἐπιτρεψας
1271 1517 1354 1542 τουτῳ
1375 1505 1456 1534 εἰπεῖν
1478 1503 1552 1534 ουδὲν
1574 1507 1621 1538 ἔτι,
1638 1504 1773 1546 ἀμφιέσας

980 1548 1009 1576 τὸ
1028 1547 1130 1586 ἶματιον
1147 1548 1176 1576 τὸ
1200 1547 1312 1585 ἐμαυτου
1333 1548 1426 1576 τοῦτον
1442 1564 1484 1569 ——-
1501 1549 1544 1576 καὶ
1560 1548 1612 1586 γὰρ
1633 1548 1663 1582 ἠν
1678 1560 1772 1585 χειμων

978 1607 1027 1623 ——,
1044 1589 1095 1618 ὑπὸ
1115 1590 1160 1618 τὸν
1177 1590 1286 1627 τρίβωνα
1304 1591 1459 1622 κατακλινεις
1472 1589 1519 1618 τὸν
1533 1590 1644 1622 τουτουί,
1662 1590 1769 1627 περιβα-

978 1631 1028 1660 λὼν
1045 1631 1080 1660 τώ
1101 1635 1169 1670 χεῖρε
1197 1638 1201 1653 ¹
1228 1630 1310 1668 τούτῳ
1336 1632 1371 1669 τῷ
1397 1633 1519 1669 δαιμονίῳ
1541 1630 1575 1664 ὦς
1597 1630 1703 1667 ἀληθῶς
1729 1633 1772 1660 καὶ

978 1674 1135 1712 θαυμαστῷ,
1153 1676 1300 1712 κατεκείμην
1318 1674 1362 1710 τὴν
1379 1673 1457 1702 νύκτα
1476 1673 1543 1709 ὅλην.
1570 1675 1613 1702 καὶ
1631 1673 1690 1702 οὐδὲ
1708 1675 1769 1702 ταῦ-

977 1729 1010 1745 τα
1028 1712 1069 1749 αὖ,
1088 1711 1108 1744 ὦ
1128 1716 1276 1754 Σώκρατες,
1304 1720 1368 1754 ἐρεῖς
1389 1715 1428 1744 ὅτι
1449 1715 1587 1753 ψεύδομαι.
1613 1716 1772 1751 ποιήσαντος

979 1760 1005 1787 δὲ
1023 1758 1053 1794 δὴ
1070 1759 1152 1787 ταῦτα
1171 1758 1241 1796 ἐμοῦ,
1264 1754 1342 1790 οὗτος
1362 1758 1493 1787 τοσοῦτον
1509 1758 1667 1796 περιεγένετό
1684 1771 1711 1786 τε
1729 1760 1772 1786 καὶ

977 1800 1153 1839 κατεφρόνησε
1171 1802 1213 1828 καὶ
1232 1803 1386 1839 κατεγέλασε
1403 1800 1448 1836 τῆς
1469 1800 1528 1841 ἐμῆ-ς
1550 1799 1618 1837 ὥρας
1639 1802 1682 1828 καὶ
1698 1800 1769 1837 ὓβρι-

978 1852 1019 1871 σε’
1036 1844 1128 1881 καίπερ
1147 1842 1227 1871 ἐκεῖνό
1243 1855 1273 1882 γε
1292 1841 1361 1880 ᾤμην
1374 1855 1398 1871 τι
1413 1841 1485 1875 εἶναι,
1501 1843 1521 1870 ὦ
1537 1841 1626 1880 ἄνδρες
1641 1843 1771 1883 δικασταίέ

978 1886 1098 1913 δικασταὶ
1122 1884 1174 1923 γάρ
1201 1888 1258 1914 ἐστε
1284 1885 1328 1920 τῆς
1352 1884 1510 1922 Σωκράτους
1533 1884 1716 1922 ὑπερηφανίας.
1744 1885 1771 1913 εὖ

976 1927 1028 1966 γὰρ
1046 1930 1108 1960 ἴστε,
1125 1927 1163 1964 μὰ
1182 1926 1271 1960 θεούς,
1288 1926 1326 1964 μὰ
1344 1926 1420 1960 θεάς,
1440 1926 1514 1955 οὐδὲν
1528 1925 1708 1964 περιττότερον
1723 1939 1769 1954 κα-

977 1969 1179 2007 ταδεδαρθηκώς
1205 1967 1313 2005 ἀνέστην
1334 1969 1400 2006 μετὰ
1423 1975 1427 1990 ¹
1449 1968 1606 2006 Σωκράτους
1626 1968 1641 2004 ἢ
1663 1969 1685 1996 εἰ
1705 1968 1769 2006 μετὰ

977 2011 1077 2049 πατρὸς
1103 2012 1240 2047 καθηῦδον
1262 2010 1277 2047 ἢ
1300 2010 1413 2048 ἀδελφοῦ
1438 2012 1622 2048 πρεσβυτέρου.
1665 2017 1771 2039 XXXV.

979 2054 1015 2082 Τὸ
1031 2053 1061 2089 δὴ
1074 2053 1140 2091 μετὰ
1154 2054 1232 2082 τοῦτο
1248 2055 1303 2082 τίνα
1318 2056 1414 2082 οἴεσθέ
1425 2066 1456 2090 με
1473 2053 1588 2082 διάνοιαν
1604 2054 1674 2088 ἔχειν,
1690 2052 1769 2090 ἤγου-

976 2108 1054 2133 μενον
1070 2099 1116 2133 μὲν
1132 2094 1292 2133 ητιμάσθαι,
1317 2094 1447 2134 ἀγαμενον
1469 2096 1496 2123 δὲ
1518 2095 1563 2130 τὴν
1580 2107 1675 2123 τουτου
1692 2095 1770 2132 φύσιν

977 2151 1003 2166 τε
1021 2139 1064 2166 καὶ
1079 2137 1251 2176 σωφροσύνην
1265 2150 1308 2165 και
1323 2137 1448 2175 ανδρείαν,
1465 2136 1646 2173 ἐντετυχηκότα
1662 2135 1770 2175 ανθρω-

1609 1127 1641 1155 σὺ
1663 1128 1689 1155 δὲ
1707 1126 1768 1155 τού-

977 2193 1017 2208 πω
1035 2192 1152 2215 τοιουτῳ,
1176 2192 1222 2217 οιῳ
1245 2180 1293 2218 ἐγὼ
1315 2178 1361 2208 οὐκ
1385 2192 1416 2207 αν
1434 2178 1503 2217 ῴμην
1523 2181 1587 2207 ποτὲ
1606 2183 1715 2215 ἐντυχεῖν
1736 2180 1772 2211 εἷς

976 2221 1102 2260 φρόνησιν
1119 2235 1161 2250 και
1180 2222 1215 2254 εἰς
1232 2223 1380 2260 καρτερίαν,
1405 2221 1465 2253 ω’ςτε
1488 2220 1549 2250 συθ
1571 2220 1642 2253 ὅπως
1660 2234 1705 2250 ουν
1724 2220 1769 2259 ὀρ-

976 2266 1090 2303 γιζοίμην
1111 2263 1180 2299 εἶχον
1202 2277 1244 2292 και
1267 2264 1477 2301 αποστερηθείην
1498 2264 1542 2299 τῆς
1562 2275 1657 2292 τουτου
1675 2276 1768 2292 ουν-ου

978 2308 1043 2339 σίας,
1063 2305 1125 2335 οὗθ’
1147 2313 1150 2327 ¹
1170 2305 1224 2343 ὅπη
1245 2307 1457 2359 προςαγαγοίμην
1480 2304 1559 2334 αυτὸν
1580 2304 1715 2343 εὐπόρουν.
1742 2306 1770 2334 εὐ

976 2348 1028 2387 γὰρ
1053 2347 1113 2385 ηδη,
1141 2347 1181 2377 ὅτι
1204 2347 1320 2386 χρήμασί
1341 2360 1367 2376 τε
1389 2347 1455 2376 πολυ
1480 2348 1578 2385 μᾶλλον
1606 2346 1720 2385 α’τρωτος
1741 2349 1771 2383 ἠν

977 2391 1097 2428 πανταχῇ
1118 2389 1133 2425 ἢ
1156 2389 1250 2428 σιδήρῳ
1273 2389 1286 2418 0‘
1308 2393 1386 2423 Αἴας,
1414 2391 1432 2427 ᾡ
1454 2402 1481 2418 τε
1503 2389 1572 2427 ῴμην
1599 2388 1678 2418 αυτὸν
1698 2389 1770 2428 μόνῳ

978 2432 1141 2465 ἁλωσεσθαι,
1160 2431 1319 2470 διεπεφεύγει
1333 2444 1373 2470 με
1392 2431 1507 2481 ἠπόρουν
1523 2431 1559 2466 δη,
1578 2433 1769 2460 καταδεδουλω-

975 2477 1052 2513 μένος
1068 2487 1095 2502 τε
1115 2474 1168 2503 ὑπὸ
1190 2475 1239 2503 τοῦ
1265 2473 1411 2512 ἆνθρωπου
1437 2474 1472 2506 ὠς
1498 2472 1580 2524 ομδεις
1604 2472 1647 2502 {1⁷1
1668 2472 1771 2505 οὐδενὸς

979 2516 1058 2545 α’λλου
1075 2516 1176 2554 περιῇα.
1222 2516 1311 2545 Ταῧτα
1328 2528 1356 2545 τε
1372 2529 1424 2555 γαρ
1440 2528 1486 2553 μοι
1505 2515 1607 2544 α’παντα
1623 2515 1769 2569 προῦγεγό-

978 2571 1022 2591 νει,
1040 2571 1084 2586 και
1100 2558 1165 2596 μετὰ
1183 2558 1265 2587 ταῦτα
1284 2560 1406 2596 στρατεία
1423 2558 1482 2596 ἡμῖν
1499 2558 1535 2590 εἷς
1551 2559 1698 2586 Ποτίδαιαν
1715 2561 1769 2596 ἐγέ-

977 2613 1035 2629 νετο
1054 2600 1125 2636 κοινὴ
1142 2601 1187 2628 καὶ
1204 2601 1386 2639 συνεσιτοῦμεν
1403 2604 1460 2629 ἐκεῖ.
1477 2600 1582 2637 πρῶτον
1595 2603 1641 2637 μὲν
1657 2596 1702 2629 οὖν
1717 2604 1772 2632 τοῖς

977 2642 1069 2674 πόνοις
1091 2641 1121 2671 οὗ
1142 2641 1224 2680 μόνον
1245 2644 1308 2680 ἐμοῦ
1328 2643 1428 2680 περιῆν,
1458 2641 1521 2670 ἀλλὰ
1543 2643 1587 2670 καὶ
1612 2642 1662 2670 τῶν
1690 2641 1771 2677 ἄλλων

979 2684 1100 2713 ἁπάντων
1135 2684 1215 2714 ὁπότε
1235 2685 1300 2724 γοῦν
1323 2683 1551 2724 ἀναγκασθείημεν
1574 2683 1771 2721 ἀποληφθέντες

1436 2733 1487 2758 '12²‘

1796 966 1830 984 218
