1998 3084
31 1065 65 1083 807

31 1993 66 2012 809

711 174 1114 202 EUTHYDEMUS.

96 267 150 294 ρον,
168 253 234 293 πρὸς
251 267 265 283 ο
287 252 304 290 ἦ
324 265 350 282 τε
372 251 487 288 πολιτικὴ
504 253 547 280 καὶ
563 252 580 290 ἦ
597 256 741 292 φιλοσοφία
760 252 822 286 ἀξίω
839 253 884 282 λό-

95 309 145 336 γου
162 295 245 329 ἐστόν,
263 296 306 324 καὶ
323 297 404 333 τρίτοι
422 293 493 326 ὀντες
509 294 541 332 τῇ
564 294 675 333 ἀληθείᾳ
693 296 796 332 ζητοῦσι
812 295 884 334 πρῶ-

95 351 136 368 τοι
162 340 245 367 δοκεῖν
267 336 338 366 εἶναι
360 349 564 389 σιηηνηννωσκειν
588 341 635 375 μὲν
662 339 708 367 οὖν
730 337 818 370 αὐτοῖς
836 337 886 376 χρὴ

95 392 139 418 της
160 381 300 418 ἐπιθυμας
325 380 368 407 καὶ
393 379 428 416 μὴ
448 381 621 414 χαλεπαίνειν,
648 379 775 419 ἧγεισθαι
799 383 886 419 μέντοι

94 422 228 454 τοιούτους
243 420 308 450 εἶναι
326 423 378 449 οιοί
394 421 455 449 εἶσι·
477 420 563 450 πάντα
580 421 631 460 γὰρ
651 422 732 472 ἄνδρα
747 422 797 461 χρὴ
817 421 883 461 ἄγα-

94 464 154 499 nob,
173 463 239 496 {igne
254 464 299 491 καὶ
313 461 400 492 ὁτιοῦν
413 465 479 501 λέγει
494 462 616 501 ἐχόμενον
629 464 779 502 φρονήσεως
795 471 798 486 ¹
814 464 883 502 πρᾶ-

92 520 146 547 γμα
166 507 209 535 καὶ
232 504 351 548 ἀνδρείως
372 504 477 537 ἐπεξιὼν
498 506 665 534 διαπονεῖται.
708 513 814 535 XXXII.
832 512 884 534 KP.

92 549 147 578 Και
162 547 218 586 μήν,
237 560 257 576 ω
274 546 417 585 Σωκρατες,
436 559 480 575 και
497 545 576 579 αὐτὸς
592 550 651 599 περὶ
668 548 719 577 τῶν
735 550 816 582 υιέων,
835 548 882 580 ὥς-

92 603 139 629 περ
158 602 198 619 αει
213 588 280 628 πρός
297 601 327 618 σε
344 592 420 631 λέγω,
444 592 469 617 ἓν
492 588 588 627 ἀπορίᾳ
610 590 671 628 εἶμί,
694 593 720 619 τί
740 592 779 619 δεῖ
796 589 884 622 αὐτοῖς

88 632 252 672 χρησασθαι.
276 630 290 660 ὁ
310 633 358 669 μὲν
375 632 421 660 οὖν
438 643 561 684 νεωτερος
583 633 618 660 ἔτι
635 633 678 660 καὶ
696 632 803 670 σμικρός
821 645 882 666 εστι,

90 674 266 725 Κριτόβρυλος
284 672 307 701 δ’
326 672 374 709 ἤδη
390 672 514 709 ἧλικίαν’
507 675 556 709 ε’χει
570 675 614 702 καὶ
629 675 710 703 δεῖταί
723 686 798 707 τινος,
817 674 884 707 ὅςτις

92 715 170 746 αὐτὸν
187 714 282 752 ονήσει.
301 715 350 754 ἐγὼ
366 717 414 754 μὲν
431 716 478 744 οὖν
495 715 559 744 ὅταν
574 728 618 744 σοι
625 719 798 769 ξυγγένωμαι,
815 716 882 746 οὕτω

91 760 251 796 διατίθεμαι,
274 757 335 789 ὥςτε
351 770 397 795 μοι
415 758 486 786 δοκεῖ
500 760 595 796 μανίαν
612 763 677 787 εἶναι
694 758 724 787 τὸ
744 760 815 787 ἕνεκα
832 758 884 787 τῶν

90 802 189 830 παίδων
207 799 290 828 ι’ίλλων
309 802 357 837 μὲν
377 799 480 828 πολλῶν
501 800 618 836 σπουδὴν
638 813 760 850 τοιαυτην
778 804 880 837 ἐσχηκέ-

91 856 139 877 ναι,
157 843 200 872 καὶ
213 854 273 880 περι
289 848 293 863 ¹
309 842 357 871 τοῦ
370 841 464 880 γάμου,
484 841 555 874 ὅπως
569 846 595 871 ἐκ
608 854 791 881 γενναιοτατης
806 845 881 872 ἔσον-

91 898 133 914 ται
147 883 255 923 μητρός,
277 885 322 913 καὶ
342 885 402 922 περὶ
422 883 473 913 τῶν
491 884 637 922 χρημάτων,
661 884 732 917 ὅπως
748 884 783 918 ὦς
799 888 880 915 πλου-

92 926 219 960 σιώτατοι,
243 924 328 955 αὗτῶν
349 927 377 955 δὲ
397 927 457 964 περὶ
477 928 595 959 παιδείας
613 926 749 978 αμελῆσαι·
773 927 838 956 ὅταν
855 929 882 956 δὲ

90 973 125 1002 εἴς
140 982 197 998 τινα
219 967 360 1006 αποβλὲψω
381 968 432 997 τῶν
453 968 607 1005 φασκόντων
629 982 661 998 αν
677 970 816 998 παιδεῦσαι
835 982 880 998 αν-

91 1011 223 1050 θρώπους,
243 1013 422 1049 ἐκπέπληγμαι,
441 1013 485 1039 καί
499 1023 545 1049 μοι
563 1012 634 1040 δοκεῖ
650 1010 685 1044 εἷς
707 1013 815 1044 ἕκαστος
833 1010 880 1041 αὖ·

90 1054 140 1083 τῶν
157 1052 297 1082 σκοποῦντι
315 1052 384 1081 πάνυ
402 1051 542 1085 ἀλλόκοτος
559 1052 631 1087 εἶναι,
650 1053 684 1085 ὥς
696 1066 726 1093 γε
741 1054 808 1092 πρὸς
823 1058 835 1072 *
851 1056 881 1083 σὲ

1684 175 1730 201 ⁴07

937 253 1041 290 τᾶληθη
1062 253 1198 292 εἰρῆσθαι·
1226 265 1287 286 ωςτε
1310 251 1356 283 οὗκ
1378 254 1426 290 ἔχω
1448 253 1520 285 ὅπως
1540 265 1677 292 προτρεπω
1699 253 1729 282 τὸ

935 309 1068 334 μειρακιον
1089 297 1131 324 ἐπὶ
1151 298 1317 333 φιλοσοφίαν.
1360 301 1416 324 ΣΩ.
1434 296 1463 323 Ω,
1480 297 1536 332 φίλε
1553 298 1663 334 Κρίτων,
1683 294 1729 324 οὐκ

937 337 1032 372 οἶσθα,
1052 338 1091 368 ὅτι
1109 351 1135 367 εν
1150 339 1229 367 παντὶ
1247 337 1424 375 ἐπιτηδεύματι
1446 339 1472 367 οῖ
1487 341 1534 375 μὲν
1550 338 1646 374 φαῦλοι
1662 341 1727 367 πολ-

936 381 977 409 λοῖ
1002 382 1046 409 καὶ
1069 379 1173 412 οὐδενὸς
1199 379 1279 413 ἄξιοι,
1306 381 1333 409 οἳ
1358 381 1385 408 δὲ
1413 382 1553 409 σπουδαῖοι
1579 379 1662 419 ὀλίγοι
1686 393 1730 408 και

936 423 1035 454 παντὸς
1053 421 1133 456 ἅξιοις
1153 423 1207 451 επεὶ
1223 422 1380 461 γυμναστικὴ
1398 420 1428 450 οὗ
1446 422 1526 451 καλὸν
1544 423 1615 451 δοκεῖ
1631 435 1675 451 σοι
1692 421 1728 451 εἷ-

936 477 990 497 ναι,
1017 466 1061 492 καὶ
1084 464 1269 502 χρηματιστικὴ
1295 477 1339 492 και
1364 464 1482 503 ῥητορικὴ
1505 466 1547 493 καὶ
1574 466 1729 518 στρατηγία,

936 512 988 534 KP.
1006 505 1109 555 Ἐμοιγε
1130 518 1233 538 παντως
1255 505 1345 542 δηπου.
1389 512 1444 534 ΣΩ.
1464 509 1496 535 Τί
1513 508 1616 541 evm-871
1633 506 1729 545 ἑκάστη

935 561 1034 577 τουτων
1048 548 1108 580 τοὺς
1122 548 1234 579 πολλοὺς
1250 554 1253 569 ¹
1268 548 1335 585 πρὸς
1348 549 1457 577 ἕκαστον
1469 548 1499 577 τὸ
1515 550 1590 587 ἔργον
1603 548 1634 578 οὗ
1647 562 1728 578 κατα-

934 590 1077 629 γελαστους
1092 589 1168 628 ορᾷςς
1193 595 1276 640 3KP.
1272 591 1328 618 Ναι
1341 603 1378 627 μα
1393 590 1439 618 τὸν
1450 593 1508 624 Διά,
1523 604 1567 619 και
1580 591 1650 629 μάλα
1666 590 1728 628 ἀλη-

936 632 975 668 θῆ
992 635 1078 671 λέγεις.
1122 637 1176 659 ΣΩ.
1195 633 1229 659 'H
1244 633 1290 660 οὖν
1307 644 1402 660 τουτου
1417 633 1488 661 ἕνεκα
1504 631 1583 665 αὐτός
1599 646 1626 662 τε
1643 633 1730 670 φευξει

934 687 1021 703 παντα
1046 674 1079 703 τὰ
1107 673 1307 714 ἐπιτηδεύματα
1315 675 1358 702 καὶ
1379 686 1414 711 τῳ
1435 675 1486 703 υἶεῖ
1506 673 1552 703 οὐκ
1575 679 1728 714 ἐπιτρέψας,-

934 722 986 745 ΚΡ.
1007 715 1106 746 Οὔκουν
1122 715 1220 744 δίκαιόν
1233 728 1270 766 γε,
1287 728 1307 744 ω
1321 715 1464 754 Σώκρατες.
1508 723 1562 745 ΣΩ.
1582 717 1629 754 NH]
1644 720 1730 747 τοίνυν

935 758 951 787 ὅ
967 771 997 797 γε
1016 771 1046 787 ου
1062 758 1112 796 χρὴ
1129 760 1205 791 ποίει,
1224 770 1244 786 ω
1262 760 1373 795 Κρίτων,
1390 756 1441 786 ἀλλ’
1459 757 1539 790 ἐάσας
1553 761 1652 797 χαίρειν
1669 772 1730 792 τους

935 800 1129 837 ἐπιτηδεύοντας
1146 802 1313 837 φιλοσοφίαν,
1331 803 1381 828 εἶτε
1397 803 1508 838 χρηστοί
1528 801 1593 829 εἰσιν
1610 805 1659 830 εἶτε
1676 815 1727 831 πο-

934 845 1017 894 νηροί,
1041 842 1105 871 αυτὸ
1128 842 1158 871 τὸ
1181 842 1290 881 πρᾶγμα
1313 843 1458 879 βασανίσας
1479 844 1562 874 καλῶς
1583 855 1610 872 τε
1631 856 1675 872 και
1692 857 1727 877 ευ,

934 885 979 914 ἐὰν
994 888 1041 923 μέν
1059 897 1102 914 σοι
1119 886 1242 921 φαίνηται
1258 886 1359 921 φαῦλον
1377 883 1415 918 όν,
1441 891 1445 906 ¹
1463 883 1537 913 nonu-³
1558 884 1639 924 ανδρα
1658 885 1726 915 ἀπό-

932 940 1017 966 τρεπε,
1034 927 1070 966 μὴ
1090 926 1173 965 μόνον
1190 926 1250 958 τοὺς
1266 928 1339 958 υἱεῖς
1364 926 1409 955 ἐὰν
1430 928 1457 956 δὲ
1474 929 1596 980 φαίνηται
1614 932 1670 957 οἱον
1688 927 1727 957 οἶ-

931 982 978 1008 μαι
997 968 1060 999 αυτὸ
1085 969 1133 1008 ἐγώ
1156 967 1227 1001 εἶναι,
1251 969 1363 1008 θαρρῶν
1387 970 1459 998 δίωκε
1476 982 1520 997 και
1538 969 1619 1003 ἄσκει,
1637 970 1667 999 τὸ
1686 973 1727 999 λε-

931 1011 1043 1051 γόμενον
1061 1011 1090 1047 δὴ
1109 1012 1196 1044 τοῦτο,
1216 1009 1294 1043 αυτός
1311 1023 1338 1040 τε
1355 1012 1399 1039 καὶ
1416 1011 1449 1040 τὰ
1467 1013 1565 1040 παιδία.

520 1455 1301 1509 ΠΡΩΤΑΓΟΡΑΣ.

400 1642 477 1673 TA
525 1642 649 1673 ΤΟΥ
698 1641 1046 1673 ΔΙΑΛΟΓΟΥ
1092 1641 1416 1674 ΠΡΟΣΩΠΑ.

90 1730 267 1766 ETAIPO

274 1730 313 1774 Σ,
348 1730 627 1773 ΣΩΚΡΑΤΗΣ,
662 1729 1001 1773 ΙΠΠΟΚΡΑΤΗΣ,
1032 1729 1381 1774 ΠΡΩΤΑΓΟΡΑΣ,
1412 1730 1726 1774 ΑΛΚΙΒΙΑΔΗΣ,

414 1798 645 1842 ΚΑΛΛΙΑΣ,
678 1797 892 1840 ΚΡΙΤΙΑΣ,
924 1796 1189 1845 ΠΡΟΔΙΚΟΣ,
1219 1797 1402 1833 ΙΠΠΙΑΣ.

152 1991 170 2012 1.
189 1989 202 2002 *
219 1990 269 2013 ET.
287 1978 411 2017 Πόθεν,
439 1979 460 2012 ὦ
469 1983 628 2037 Σώκρατες,
654 1986 752 2021 φαίνεις
778 1982 793 2019 ἢ
820 1983 883 2020 δῆλα

91 2026 160 2063 δή,
144 2039 184 2056 οτι
198 2025 251 2056 ἀπὸ
267 2029 418 2065 κυνηγεσίου
432 2039 479 2055 του
494 2039 553 2064 περι
567 2026 613 2063 τὴν
627 2025 815 2063 Λλκιβιαδου(
800 2025 882 2064 ω’ρανς

90 2070 134 2098 καὶ
157 2067 208 2107 μήν
230 2081 277 2107 μοι
302 2069 345 2097 καὶ
370 2068 465 2110 πρώην
485 2068 566 2097 ἰδόντι
591 2068 670 2100 καλὸς
693 2071 740 2107 μὲν
765 2070 882 2105 ἐφαίνετο

91 2110 153 2149 ανὴρ
172 2123 219 2144 su,
243 2109 306 2149 ἀνὴρ
322 2113 420 2149 μέντοι,
444 2111 464 2139 ὦ
481 2110 629 2149 Σώκρατες,
652 2110 686 2142 ὥς
705 2109 729 2150 γ’
751 2114 777 2139 ἐν
795 2109 883 2142 αὐτοῖς

90 2152 148 2192 ἦμῖν
172 2152 310 2191 εἰρῆσθαι,
342 2154 386 2181 καὶ
411 2152 536 2192 πώγωνος
565 2152 612 2189 ἤδη
643 2152 882 2191 υποπιμπλαμενος.

91 2201 146 2224 ΣΩ.
164 2193 229 2224 Εἶτα
249 2197 275 2224 τί
294 2195 386 2229 τοῦτο;
414 2194 445 2224 οὗ
468 2195 501 2224 σὺ
521 2198 609 2233 μέντοι
623 2194 735 2234 Ομήρου
754 2197 884 2245 ἐπαινέτης

91 2236 125 2271 εἷ,
143 2236 194 2270 ὃς·
214 2239 262 2275 άρη
276 2250 450 2276 χαριεστατην
465 2237 529 2275 ἥβην
545 2236 610 2267 εἶναι
627 2237 674 2267 τοῦ
690 2236 834 2274 ὑπηνήτου,
852 2236 884 2273 ἣν

91 2279 135 2309 νῦν
155 2279 340 2317 ,Ἀλκιβιάδης’
332 2281 394 2316 ε’χει,·
436 2285 487 2308 ET.
511 2282 543 2308 Τί
567 2281 614 2309 οὖν
637 2292 671 2309 τα
696 2292 754 2314 νυνς
780 2281 795 2316 ἠ
821 2278 881 2318 παρ’

92 2323 186 2351 ἐκείνου
193 2324 303 2364 φαίνεις
330 2334 373 2350 και
393 2321 449 2354 πῶς
465 2321 531 2360 πρός
549 2334 579 2351 σε
597 2321 611 2351 ὁ
629 2324 731 2354 νεανίας
748 2321 883 2355 ὖιάκειταις

92 2417 136 2448 ρᾳ-ι·
162 2407 206 2435 καὶ
221 2406 273 2446 γὰρ
290 2406 375 2435 πολλὰ
392 2405 457 2444 ὖπὲρ
477 2407 538 2444 ἐμοῦ
555 2406 610 2435 εἷπε
628 2406 738 2444 βοηθῶν
755 2408 823 2444 ἐμοί,
842 2407 885 2434 καὶ

94 2449 139 2478 οὖν
160 2461 203 2477 και
226 2447 284 2487 ἄρτι
306 2447 350 2477 ἄπ’
372 2450 468 2478 ἐκείνου
490 2450 604 2487 ἔρχομαι.
631 2448 733 2478 ἄτοπον
751 2451 839 2487 μέντοι
861 2450 887 2477 τί

94 2503 138 2520 σοι
155 2493 238 2520 ἐθέλω
255 2491 346 2520 εἰπεῖν·
364 2490 496 2530 παρόντος
511 2490 563 2530 γὰρ
582 2493 684 2524 ἐκείνου,
704 2490 762 2520 ου’τε
779 2494 883 2529 προςεῖ-

91 2545 141 2569 χον
160 2532 207 2562 τὸν
227 2533 300 2567 νοῦν,
323 2532 539 2572 ἐπελανθανόμην
560 2545 587 2562 τε
605 2532 686 2563 αὐτοῦ
703 2532 790 2571 θαμά.
833 2539 885 2561 ΕΤ

93 2576 149 2604 Και
171 2577 197 2604 τί
217 2574 249 2604 ἂν
269 2575 377 2614 γεγονὸς
397 2579 435 2612 εἴη
455 2577 515 2629 περὶ
537 2578 567 2604 σὲ
590 2581 594 2597 ¹
617 2574 735 2605 κάκεῖνον
755 2575 886 2605 τοσοῦτον

94 2616 215 2656 πρᾶγμα,·
234 2629 266 2646 ου
282 2617 333 2657 γὰρ
351 2617 435 2654 δήπου
451 2630 500 2646 τινι
516 2619 629 2646 καλλίονι
646 2621 757 2654 ἐνέτυχες
775 2617 868 2655 ἇλλῳ’
860 2619 886 2646 ἐν

93 2671 124 2710 γε
140 2659 200 2698 τῇδε
217 2658 249 2697 τῇ
266 2659 346 2689 πόλει.
389 2666 445 2688 ΣΩ.
463 2661 518 2688 Και
539 2659 607 2689 πολυ
623 2673 660 2699 γε.
703 2666 754 2689 ΕΤ.
774 2662 806 2689 Τί
821 2671 885 2697 φης,-

96 2699 178 2739 αυτῷ,
209 2700 225 2738 ἢ
254 2704 328 2739 ξένῳς
371 2708 427 2731 ΣΩ.
458 2705 532 2740 Ξένῳ.
576 2708 626 2730 ΕΤ.
652 2702 786 2740 Ποδαπῷς
829 2707 885 2730 ΣΩ.

934 1984 1075 2035 Λβδηρίτῃ.
1118 1988 1169 2011 ΕΤ.
1191 1983 1247 2011 Και
1268 1981 1336 2012 οὕτω
1358 1982 1437 2015 καλός
1461 1995 1499 2015 τις
1524 1982 1539 2013 ὅ
1566 1986 1638 2016 ξένος
1659 1985 1731 2017 ἔδοξέ

935 2038 978 2054 σοι
995 2024 1072 2058 εἶναι,
1094 2036 1156 2057 ωςτε
1173 2025 1220 2054 τοῦ
1237 2027 1358 2054 mscvlov
1373 2026 1442 2058 υἷεος
1459 2028 1567 2055 καλλίων
1584 2039 1627 2055 σοι
1644 2039 1728 2077 φανη-

934 2080 989 2101 von,-
1032 2073 1089 2096 ΣΩ.
1107 2067 1171 2099 Πῶς
1189 2066 1213 2095 δ’
1231 2080 1262 2096 ου
1282 2070 1376 2105 μέλλει,
1399 2080 1420 2096 ω
1440 2068 1562 2110 μακάριε,
1584 2068 1615 2097 τὸ
1638 2069 1727 2106 σοφώ-

934 2122 1014 2138 τατον
1039 2108 1143 2138 κάλλιον
1168 2111 1328 2146 φαίνεσθαις
1371 2116 1422 2138 ΕΤ.
1448 2109 1511 2139 AM?
1535 2112 1551 2147 ἡ
1577 2111 1653 2149 σοφῷ
1682 2124 1731 2140 τινι

933 2151 1001 2190 ἡμῖν,
1019 2164 1039 2180 ω
1056 2151 1201 2190 Σώκρατες,
1221 2152 1330 2188 ἐντυχών
1345 2151 1436 2191 πάρεις
1479 2158 1535 2181 ΣΩ
1553 2153 1728 2191 ΣοφωτοῖτῳΙ

933 2197 980 2232 μὲν
1002 2206 1048 2223 ουν
1070 2193 1154 2230 δηπου
1175 2194 1226 2223 τῶν
1246 2207 1276 2233 γε
1298 2194 1354 2228 νῦν,
1377 2198 1405 2223 εἶ’
1422 2207 1465 2224 σοι
1488 2196 1558 2224 δοκεῖ
1576 2195 1731 2233 σοφώτατος

934 2241 1000 2265 εἶναι
1020 2235 1210 2275 Πρωταγόρας.
1253 2243 1304 2265 ΕΤ.
1323 2236 1356 2265 Ὦ
1382 2239 1407 2266 τί
1431 2239 1522 2276 λέγεις;
1549 2238 1731 2277 Πρωταγόρας

935 2277 1110 2332 ἐπιδεδημηκε,
1153 2284 1209 2307 ΣΩ.
1229 2280 1322 2317 Τρίτην
1341 2291 1371 2318 γε
1392 2278 1440 2315 ηδη
1460 2278 1564 2318 ἡμέραν.
1607 2286 1657 2309 ET.
1675 2282 1731 2309 Καὶ

936 2320 994 2359 ἄρτι
1016 2320 1068 2359 α’ρα
1091 2323 1174 2358 ἐκείνῳ
1196 2321 1359 2360 συγγεγονὼς
1378 2320 1458 2357 ἥκειςς
1501 2327 1558 2350 ΣΩ.
1575 2321 1654 2351 Πάνυ
1669 2335 1699 2362 γε
1717 2328 1730 2341 *

935 2363 1019 2392 πολλα
1037 2364 1081 2391 καὶ
1097 2363 1177 2392 εἷπών
1193 2376 1237 2391 και
1255 2362 1378 2396 ακούσας.
1413 2370 1463 2392 ET.
1481 2366 1513 2392 Τί
1529 2376 1575 2393 ουν
1593 2377 1624 2393 ου
1642 2364 1728 2404 διηγή-

936 2417 974 2434 σω
991 2404 1051 2443 ἦμῖν
1067 2405 1113 2441 τὴν
1130 2407 1276 2439 ξυνουσίαν,
1295 2406 1318 2435 εἷ
1333 2405 1369 2444 μή
1387 2409 1417 2435 σε’
1433 2418 1457 2435 τι
1471 2405 1568 2440 κωλυει,
1586 2407 1728 2445 καθιζόμε-

935 2459 980 2479 νος
1002 2451 1130 2476 ἐνταυθοῖ
1151 2447 1330 2484 ἐξαναστήσας
1350 2448 1397 2477 τὸν
1414 2449 1497 2477 παῖδα
1515 2451 1630 2483 τουτονί,-
1674 2455 1729 2478 ΣΩ.

935 2489 1014 2518 Πανυ
1037 2492 1084 2527 μὲν
1111 2500 1168 2518 ουν·
1195 2503 1239 2518 και
1257 2503 1334 2529 χαριν
1354 2503 1384 2530 γε
1402 2493 1522 2541 1εἴσομαι,
1547 2490 1591 2520 ἐὰν
1613 2489 1730 2528 ἀκούητε.

936 2538 986 2560 ET.
1007 2533 1062 2560 Καὶ
1083 2531 1132 2570 μὴν
1150 2533 1194 2561 καὶ
1212 2531 1282 2570 ἡμεῖς
1303 2535 1358 2566 σοί,
1382 2532 1427 2561 εὰν
1447 2535 1528 2572 λὲγης.
1571 2539 1627 2561 ΣΩ.
1647 2533 1730 2570 Διπλῆ

937 2586 969 2602 αν
994 2577 1032 2610 εἴη
1057 2573 1072 2610 ἢ
1097 2573 1178 2612 χάρις.
1206 2573 1259 2603 ἄλλ’
1281 2587 1327 2604 ουν
1349 2573 1463 2604 ἀκούετε.
1506 2582 1536 2603 11.
1559 2575 1611 2612 Τῆς
1631 2579 1728 2614 παρελ

936 2615 1041 2652 θουσης
1062 2616 1152 2648 νυκτὸς
1171 2619 1291 2653 ταυτησί,
1320 2619 1356 2646 ἔτι
1378 2618 1479 2655 βαθέος
1496 2616 1612 2656 ὄρθρου,
1637 2617 1727 2647 Ἱππο-

936 2669 1041 2696 κρατης,
1064 2657 1078 2687 ὃ
1101 2658 1299 2698 Ἄπολλοδωρου
1318 2659 1387 2693 υἶός,
1413 2659 1540 2691 Φασωνος
1561 2661 1588 2688 δὲ
1611 2658 1728 2697 ἀδελφός,

936 2701 982 2737 τὴν
1003 2699 1092 2739 θύραν
1112 2700 1144 2738 τῇ
1167 2702 1290 2740 βακτηρίᾳ
1310 2701 1380 2731 πάνυ
1403 2708 1407 2722 ¹
1431 2701 1535 2740 σφόδρα
1562 2703 1661 2740 ἔκρουε,
1688 2704 1731 2731 καὶ

1407 2751 1461 2774 14*

1756 895 1771 913 C

1756 2161 1774 2179 D

1756 2330 1792 2347 310

1756 2711 1774 2729 B
