1998 3084
217 1884 239 1902 10

268 171 282 198 ς
932 161 1225 189 PLATole

265 257 312 274 νου
332 244 379 273 τὸν
399 244 457 273 υἱὸν
478 245 512 280 τῷ
534 245 624 280 πατρίς
653 245 707 274 ἴθι,
729 241 789 290 περὶ
809 239 908 269 τούτων
928 240 1008 278 πειρῶ
1031 241 1057 269 τί

263 299 310 324 μοι
331 297 413 322 σαφες
434 287 612 317 ἐνδείξασθαι,
635 282 669 315 ῶς
689 282 788 313 παντὸς
803 282 902 319 μᾶλλον
917 281 1012 313 πάντες
1029 283 1056 311 οἳ

265 329 328 357 θεοὶ
345 327 468 366 ἡγοῦνται
487 334 491 348 ¹
511 326 602 364 ὀρθῶς
619 326 684 361 ἔχειν
700 323 795 359 ταύτην
811 323 857 359 τὴν
873 325 975 362 πρᾶξιν
1007 323 1056 352 κᾶν

264 382 309 407 μοι
327 370 419 400 ἱκανῶς
437 370 540 405 ἐνδείξῃ,
559 366 719 405 ἐγκωμιάζων
736 378 766 394 σε
784 366 826 394 ἐπὶ
844 367 925 402 σοφιᾳ
943 364 1054 394 οὐδέπο-

265 423 292 440 τε
317 422 460 451 παυσομαι
504 414 581 437 ΕΥΘ.
606 407 668 436 Ἀλλ’
695 411 756 439 ἴσως
782 405 828 436 οὔκ
861 405 949 446 ὀλίγον
980 408 1056 456 ἔργον

266 455 346 484 ἐστίν,
369 453 388 480 ὠ
410 450 555 488 Σώκρατες’
590 451 644 478 ἐπεὶ
665 449 734 478 πάνυ
751 462 784 499 γε
807 449 898 486 σαφῶς
920 450 1002 487 ἔχοιμι
1024 449 1056 477 ἂν

265 494 388 525 ἐπιδεῖξαί
405 505 456 521 σοι.
499 497 554 520 ΣΩ.
572 491 727 520 Μανθαιμω
747 492 788 520 ὅτι
805 504 849 520 σοι
866 492 933 520 δοκῶ
950 492 1001 520 τῶν
1016 492 1053 519 δι-

265 536 367 564 καστῶν
384 536 593 571 δυςμαθέστερος
614 533 688 562 εἶναι·
716 535 771 562 ἐπεὶ
789 535 891 565 ἐκείνοις
907 545 937 571 γε
955 534 1056 565 ἐνδείξει

265 578 341 612 δῆλον
363 576 413 608 ὅτι,
437 575 470 607 ὦς
492 575 567 604 ἄδικοί
590 578 616 604 τέ
637 580 691 604 ἐστι
708 577 751 604 καὶ
769 576 795 604 οἱ
812 576 876 604 θεοὶ
894 575 1006 606 ἅπαντες
1023 574 1055 603 τὰ

264 619 371 647 τοιαῦτα
388 619 516 655 μισοῦσιν.
560 624 636 646 ΕΥΘ.
656 617 733 646 Πάνυ
749 630 779 656 γε
794 617 892 653 σαφῶς,
911 613 931 645 ῶ
945 616 1053 655 Σώκρα-

264 671 311 692 τες,
331 659 424 697 ἐαιπερ
443 658 558 688 ἀκούωσί
572 662 603 701 γε’
618 672 669 697 μου
687 662 812 698 λέγοντος.
856 665 899 687 XI.
918 664 973 687 ΣΩ.
991 657 1053 687 Ἀλλ

266 700 434 733 ἀκούσονται,
462 701 555 739 ἐανπερ
577 703 605 730 εὐ
629 708 632 722 ¹
657 703 733 739 δοκης
754 704 841 739 λέγειν.
873 700 934 729 τόδε
956 702 983 729 δέ
1006 713 1056 729 σου

265 743 386 779 ωενόησα
406 744 459 780 ἅμα
477 746 607 782 λέγοιτος,
631 744 675 771 καὶ
691 743 758 781 πρὸς
776 742 887 780 ἐμαυτὸν
904 743 1005 771 σκοπῶ
1033 743 1056 771 εἰ

265 786 280 813 6¹
306 798 329 814 τι
353 784 467 822 μάλιστα
492 798 523 823 με
551 784 700 823 Εὐθύφρων
726 785 860 817 διδάξειεν,
887 783 921 816 ὦς
944 785 970 813 οἶ
992 785 1056 813 θεοῖ

265 828 376 859 ἅπαντες
398 827 443 855 τὸν
460 829 579 856 τοιοῦτον
599 827 719 856 θάνατον
736 826 858 865 ἡγοῦνται
877 825 966 855 ἄδικον
982 825 1054 859 εἶναι,

265 871 289 898 τί
308 870 406 906 μᾶλλον
428 869 476 908 ἐγώ
497 869 640 907 μεμάθηκα
662 867 722 907 παρ’
741 867 928 906 Ευθύφρονος,
950 870 976 896 τί
995 866 1053 897 ποτ’

266 912 320 939 ἐστὶ
342 911 371 940 τὸ
396 911 471 939 ὅσιόν
492 923 519 939 τε
541 912 584 939 καὶ
602 911 631 940 τὸ
652 910 772 944 ἀνόσιονς
799 913 925 947 θεομισὲς
940 912 988 947 μὲν
1003 910 1055 948 γὰρ

265 954 341 982 τοῦτο
360 953 390 982 τὸ
410 955 492 1002 ἔργω,
512 952 545 984 ὦς
563 955 649 985 ἔοικεν,
668 956 706 988 εἴη
725 952 766 980 α’ν·
792 951 856 980 ἀλλὰ
873 964 924 990 γαρ
944 950 975 980 οὗ
992 951 1053 980 τού-

265 1008 299 1032 τῳ
322 995 402 1031 ε’φανη
425 995 482 1032 ἄρτι
504 994 631 1032 ὡρισμένα
657 995 683 1023 τὸ
704 995 779 1023 ὅσιον
800 1007 843 1022 και
867 993 913 1031 μή·
947 993 977 1022 τὸ
1003 993 1055 1032 γὰρ

267 1040 390 1074 θεομισὲς
417 1036 447 1065 ὂν
473 1038 517 1065 καὶ
544 1039 666 1073 θεοφιλὲς
688 1036 776 1073 ἐφανη.
809 1036 869 1067 ω’ςτε
892 1035 987 1064 τούτου
1009 1038 1056 1073 μὲν

266 1078 357 1116 ἀφίημί
373 1091 414 1110 σε,
439 1074 459 1107 ῶ
479 1077 634 1116 Ευθύφρον,
657 1091 701 1106 και
718 1079 741 1107 εἶ
760 1078 856 1115 βούλει,
878 1089 973 1109 παντες
991 1076 1054 1106 αὐτὸ

264 1120 434 1163 ηγείσθωσαν
450 1128 453 1141 ¹
470 1122 533 1149 θεοὶ
549 1120 637 1149 αδικον
655 1121 698 1148 καὶ
715 1132 809 1151 παντες
825 1119 978 1157 μισούντων.
1002 1118 1054 1147 αλλ

264 1164 316 1201 ἀρα
335 1164 410 1191 τοῦτο
429 1164 473 1191 νῦι
491 1162 720 1200 ἐπανορθούμεθα
739 1166 764 1190 ἐν
782 1163 816 1199 τῷ
834 1161 910 1200 λόγω,
929 1161 963 1193 ῶς
981 1160 996 1190 6
1009 1164 1057 1199 μὲν

265 1205 296 1233 ἂν
313 1216 407 1236 παντες
425 1206 451 1233 οἱ
468 1206 531 1234 θεοὶ
551 1206 673 1242 μισῶσιν,
702 1203 810 1233 ἀνόσιόν
832 1207 912 1236 ἐστιν,
941 1202 956 1232 ὃ
979 1202 1003 1231 δ’
1024 1203 1056 1232 ἂν

263 1248 383 1284 φιλῶσιν,
403 1248 488 1276 ὅσιον·
517 1246 533 1276 6¹
551 1245 574 1275 δ’
593 1246 625 1275 ἂν
643 1248 669 1276 οἳ
685 1249 732 1283 μὲν
748 1247 864 1296 φιλῶσιν,
884 1247 909 1274 οἶ
928 1247 954 1274 δὲ
971 1246 1053 1283 μισῶ-

264 1302 313 1322 σιν,
333 1287 481 1326 οὗδέτερα’
471 1288 487 1325 ἡ
505 1287 653 1342 ἀμφότερα,
673 1301 705 1326 αρ
729 1301 797 1317 ουτω
815 1287 900 1325 βούλει
918 1287 977 1324 ἡμῖν
994 1287 1053 1325 ὦρί-

265 1335 334 1359 σθαι
352 1332 396 1360 νῦν
412 1332 472 1372 περὶ
488 1332 536 1360 τοῦ
554 1330 631 1360 ὁσίου
647 1332 691 1359 καὶ
707 1331 754 1359 τοῦ
775 1329 895 1363 ἀνοσίου,-
928 1335 1005 1358 ΕΥΘ.
1026 1331 1057 1358 Τί

263 1373 313 1411 γὰρ
331 1372 431 1405 κωλύει,
450 1374 470 1401 ὠ
487 1372 635 1410 Σώκρατες,
674 1378 729 1401 ΣΩ.
751 1371 830 1401 Οὐδὲν
848 1374 891 1409 ἐμέ
906 1384 944 1410 γε,
963 1373 983 1400 ὦ
1002 1370 1053 1400 Ευ-

265 1415 381 1452 θύφρον·
401 1413 465 1443 ἀλλὰ
484 1415 518 1444 σὺ
536 1415 565 1451 δὴ
583 1414 613 1444 τὸ
633 1414 682 1443 σὸν
699 1414 799 1447 σκόπει,
817 1414 841 1442 εἷ
857 1415 935 1442 τοῦτο
950 1412 1054 1442 ὑποθέ-

262 1468 339 1494 μενος
365 1456 433 1485 οὕτω
460 1456 544 1495 ῥᾷστά
570 1469 602 1494 με
628 1456 737 1489 διδάξεις
764 1455 779 1485 ὃ
810 1455 934 1506 ὑπέσχου
977 1461 1055 1484 ΕΥΘ.

262 1497 324 1527 Ἀλλ’
348 1500 426 1537 ἔγωγε
450 1501 529 1535 φαίην
552 1498 584 1527 ἁν
607 1499 685 1528 τοῦτο
709 1503 774 1527 εἰναι
793 1504 796 1519 ¹
816 1498 846 1526 τὸ
871 1498 958 1531 ὁσιον,
984 1496 999 1526 6
1024 1496 1057 1526 ἂν

263 1540 357 1572 πάντες
375 1542 401 1569 οἱ
419 1542 481 1570 θεοὶ
498 1542 604 1578 φιλῶσι,
622 1553 665 1569 και
683 1540 713 1569 τὸ
732 1542 859 1573 ἐναντίον,
878 1539 894 1568 6
913 1538 945 1568 αν
962 1550 1057 1571 παντες

264 1584 290 1612 οἱ
308 1584 371 1612 θεοὶ
386 1584 505 1620 μισῶσιν,
524 1581 639 1612 ἀνόσιον.
683 1588 738 1611 ΣΩ
759 1580 859 1612 Ουκοῦν
877 1582 1057 1635 ἐπισκοπῶμεν

265 1626 297 1653 αὖ
315 1626 405 1658 τοῦτο,
428 1626 448 1653 ῶ
468 1623 633 1674 Εὗθυφρον,
648 1625 671 1654 εἶ
692 1626 775 1656 καλῶς
791 1627 903 1663 λέγεται;
935 1623 951 1660 ἢ
969 1624 1055 1661 ἐῶμεν,

264 1668 307 1695 καὶ
329 1668 410 1699 οὕτως
431 1666 502 1704 ἡμῶν
518 1679 546 1696 τε
564 1665 648 1696 αὐτῶν
667 1666 861 1704 ἀποδεχώμεθα
879 1679 923 1694 και
939 1667 991 1695 τῶν
1009 1665 1055 1694 ἅλ-

264 1712 325 1741 λων,
354 1709 398 1737 ἐὰν
418 1708 501 1746 μόνον
521 1709 559 1747 φῇ
582 1711 619 1741 τίς
645 1721 668 1737 τι
695 1710 759 1745 ἔχειν
786 1709 866 1742 οὕτω,
893 1708 1054 1747 ξυγχωροῦν-

265 1762 305 1783 τες
322 1752 398 1787 ἕχειν,·
420 1750 436 1787 ἢ
454 1754 589 1784 σκεπτέον,
612 1753 637 1780 τί
652 1754 718 1790 λέγει
736 1750 750 1780 6
769 1753 860 1804 λέγων,-
892 1756 970 1779 ΕΥΘ.
988 1755 1055 1779 Σκε-

264 1796 349 1822 πτέον
368 1792 439 1830 οἶμαι
455 1796 542 1835 μέντοι
560 1794 638 1832 ἔγωγε
655 1794 733 1822 τουτο
752 1794 806 1822 νυνὶ
822 1794 905 1824 καλῶς
921 1795 1056 1831 λέγεσθαι.

266 1842 320 1864 xn.
339 1839 394 1863 ΣΩ.
414 1833 486 1871 Teii,
509 1837 528 1864 ὦ
542 1834 631 1878 ’γαθέ,
651 1837 749 1872 βέλτιον
765 1834 906 1884 εἷσόμεθα.
934 1833 1057 1870 ἐννόησον

264 1877 316 1916 γὰρ
334 1881 346 1895 *
364 1877 394 1906 τὸ
413 1877 520 1906 τοιόνδε.
540 1879 591 1915 ἀρα
610 1878 639 1906 τὸ
659 1878 745 1910 ὅσιον,
770 1878 810 1906 ὅτι
828 1876 904 1906 ὅσιόν
922 1881 988 1909 ἐστι,
1010 1889 1054 1913 φι-

264 1922 345 1948 λεῖται
365 1918 418 1948 ὑπὸ
441 1920 491 1948 τῶν
505 1921 597 1969 θεῶν,
624 1919 640 1955 ἢ
662 1920 701 1948 ὁτι
725 1922 847 1956 φιλεῖται,
875 1918 951 1948 ὅσιόν
975 1922 1056 1952 ἐστιν;

265 1966 342 1990 ΕΥΘ.
364 1959 414 1990 Οὔκ
433 1960 483 1990 οἶδ
501 1962 516 1991 6¹
533 1974 557 1990 τι
575 1964 664 2000 λέγεις,
692 1974 712 1990 ω
729 1961 873 2000 Σωκρατες.
916 1966 971 1989 ΣΩ
992 1959 1055 1989 Ἀλλ’

265 2003 314 2042 ἐγὼ
335 2002 496 2041 πειράσομαι
516 2007 679 2057 σαφέστερον
699 2016 808 2041 φρασαι.
841 2005 946 2042 λέγομέν
967 2015 992 2031 τι
1008 2015 1055 2040 φε-

264 2045 375 2083 ρόμενον
391 2047 434 2074 καῖ
451 2048 542 2083 φέρον,
561 2047 604 2074 καὶ
622 2045 751 2084 ἀγόμενον
769 2046 812 2073 καὶ
830 2057 907 2084 αγον,
927 2057 970 2073 και
988 2044 1055 2083 ὁρῶ-

263 2100 341 2126 μενον
358 2100 401 2116 και
419 2087 496 2126 ὁρῶν·
515 2089 558 2116 καὶ
575 2101 661 2116 παντα
678 2088 711 2116 τὰ
730 2088 837 2116 τοιαῦτα
854 2086 1000 2124 μανθάνεις
1018 2088 1058 2116 ὅτι

265 2142 338 2167 ετερα
360 2128 473 2165 ἀλλήλων
494 2131 548 2159 ἐστὶ
569 2143 613 2158 και
633 2126 689 2167 ᾗ“
673 2142 759 2168 ετερας
798 2134 875 2158 ΕΥΘ.
896 2129 991 2182 Ἐγωγέ
1012 2141 1058 2167 μοι

265 2172 332 2200 δοκῶ
348 2170 503 2209 μανθάνειν.
537 2178 592 2200 ΣΩ.
611 2171 710 2201 Ουκοῦν
727 2173 770 2200 καὶ
787 2170 942 2209 φιλούμενόν
955 2173 981 2199 τί
995 2175 1056 2204 ἐστι,

265 2215 307 2242 καὶ
331 2213 426 2242 τούτου
449 2214 535 2252 ἕτερον
558 2214 587 2242 τὸ
612 2215 716 2250 φιλοῦν;
757 2219 834 2242 ΕΥΘ
857 2214 921 2245 Πῶς
941 2213 993 2252 γὰρ
1012 2212 1056 2247 ου’,

265 2261 320 2284 ΣΩ.
340 2258 407 2294 Λέγε
425 2255 454 2292 δή
470 2268 527 2293 μοι,
546 2255 658 2293 πότερον
675 2255 705 2285 τὸ
725 2262 730 2277 ¹
748 2255 903 2294 φερόμενον,
927 2254 993 2284 διότι
1009 2258 1056 2292 φέ-

265 2310 344 2336 ρεται,
361 2297 506 2336 φερόμενόν
523 2301 599 2331 ἐστιν,
616 2297 632 2333 ἢ
648 2296 677 2326 δι’
695 2297 757 2327 ἄλλο
772 2310 809 2331 τις
836 2303 878 2326 EY
885 2302 914 2326 Θ.
933 2296 993 2331 Οὔκ,
1010 2296 1056 2325 ἀλ-

265 2339 297 2368 λά
316 2339 357 2368 διὰ
375 2340 461 2368 τοῦτο.
505 2345 560 2368 ΣΩ.
578 2341 633 2368 Καὶ
650 2339 680 2368 τὸ
700 2339 829 2378 ἀγόμενον
847 2339 888 2375 δή,
911 2338 977 2368 διότι
995 2338 1056 2378 6:¹72-

265 2394 319 2414 ται,
341 2383 384 2410 καὶ
400 2381 431 2410 τὸ
450 2380 587 2419 ὁρώμενον,
606 2381 671 2410 διότι
689 2381 794 2419 ὁρᾶταις
829 2387 906 2410 ΕΥΘ.
924 2381 1003 2410 Πάνυ
1019 2394 1057 2421 γε.

265 2429 320 2453 ΣΩ.
341 2422 393 2452 Οὐκ
411 2422 463 2461 ἄρα
481 2422 546 2452 διότι
564 2423 694 2461 ὁρώμενόν
710 2426 740 2462 γε’
758 2427 819 2456 ἐστι,
839 2423 880 2452 διὰ
896 2424 974 2452 τοῦτο
990 2423 1055 2462 6ρᾶ-

265 2477 315 2499 ται,
334 2463 398 2494 ἀλλὰ
416 2464 573 2498 τούναντίον,
592 2465 657 2494 διότι
675 2464 780 2503 ὁρᾶται,
800 2465 841 2493 διὰ
858 2466 937 2494 τοῦτο
957 2465 1055 2503 ὁρώμε-

267 2518 320 2537 νον·
339 2505 399 2536 ουδὲ
417 2505 512 2536 διότι’
497 2506 626 2546 αγόμενόν
641 2511 702 2540 ἐστι,
722 2507 763 2536 διὰ
778 2508 857 2536 τοῦτο
873 2506 971 2545 ιῗγεται,
992 2506 1056 2536 ἀλλὰ

264 2549 329 2579 διότι
347 2548 444 2588 Kynon.
463 2549 505 2578 διὰ
522 2550 600 2578 τοῦτο
619 2548 758 2588 ἀγόμενον·
783 2547 842 2578 οὐδὲ
860 2548 925 2577 διότι
942 2548 1055 2599 φερόμε-

265 2604 316 2624 νον,
334 2593 446 2632 φέρεται,
465 2589 530 2619 ἀλλὰ
548 2590 614 2620 διότι
629 2594 742 2629 φέρεται,
760 2591 910 2629 φερόμενον.
938 2592 990 2629 ἀρα
1007 2604 1055 2620 κα-

264 2633 382 2669 τάδηλον,
400 2634 421 2662 ὠ
438 2631 592 2671 Εὗθύφρον,
611 2645 626 2662 ο
645 2633 772 2687 βούλομαι
789 2636 881 2683 λέγεινς
905 2632 1032 2672 βούλομαι
1051 2639 1056 2655 ¹

263 2677 290 2704 δὲ
307 2674 379 2708 τόδε,
402 2675 444 2704 ὅτι
459 2678 487 2704 εἴ
498 2687 524 2701 τι
539 2676 678 2714 γίγνεται
669 2688 685 2711 η
702 2679 729 2704 εἰ
741 2687 765 2703 τι
782 2674 879 2710 πάσχει
895 2686 931 2708 τι,
950 2674 999 2712 οὐχ
1016 2675 1058 2705 ὅτι

1103 240 1255 280 γΙγὶΙόμΕνΟἍΙ
1274 253 1338 273 ΕΠΖ,
1356 216 1481 279 Τιςθίῧῖαι,
1500 239 1553 270 αλλ’
1570 242 1611 270 6¹1⁸
1626 254 1751 291 ἴφεῖαι,
1773 253 1893 290 ν’ῑγνθμδ-

1104 283 1150 312 νόν
1167 294 1246 312 εστιν
1267 281 1323 311 οὐδ’
1336 282 1377 311 ὅτι
1393 295 1498 319 πασχον
1515 285 1576 317 ἐστι’,
1594 296 1697 319 πασχει,
1718 282 1769 311 ἇλλ
1787 283 1827 312 ὅτι
1840 295 1892 311 πα-

1106 337 1173 361 σχει,
1195 324 1301 360 πάσχον
1323 326 1398 352 ἐστίν.
1430 324 1446 360 ἢ
1468 337 1499 354 ου
1521 328 1658 364 ξυγχωρεῖς
1682 337 1774 358 ουτως,-
1816 330 1894 353 ΕΥΘ.

1102 366 1204 420 Ἔγωγε.
1243 372 1298 395 ΣΩ.
1319 364 1418 395 Οὐκοῦν
1435 367 1479 394 καὶ
1495 366 1525 395 τὸ
1543 366 1697 404 φιλούμενον
1713 366 1729 402 ἢ
1745 366 1896 405 γιγνόμενόν

1106 411 1129 437 τί
1148 412 1216 437 ἐστιν
1233 408 1249 444 ἢ
1265 420 1371 443 πασχον
1387 420 1412 436 τι
1427 407 1482 437 ὖπό
1499 421 1558 442 τους
1585 414 1662 437 ΕΥΘ.
1681 408 1759 437 Πάνυ
1775 420 1812 447 γε
1839 413 1894 436 ΣΩ.

1105 452 1160 479 Καὶ
1181 451 1259 479 τοῦτο
1282 448 1334 487 ἄρα
1357 450 1438 482 ου’τως
1460 452 1521 485 ἔχει,
1544 450 1625 488 ὥςπερ
1643 450 1675 478 τὰ
1693 450 1819 488 πρότερα·
1848 448 1895 485 οὐχ

1106 494 1145 520 ὁτι
1167 491 1321 529 φιλούμενόν
1343 494 1408 524 ἐστι,
1435 495 1545 528 φιλεῖται
1565 491 1617 520 ὑπὸ
1640 488 1676 520 ῶν
1692 495 1814 528 φιλεῖται,
1842 490 1893 519 ἀλλ’

1106 535 1146 562 οτι
1163 536 1280 570 φιλεῖται,
1298 532 1459 570 φιλουμενον
1494 539 1571 562 ΕΥΘ.
1580 532 1703 583 3'Avayx77.
1743 539 1798 561 ΣΩ.
1818 535 1850 561 Ti
1866 532 1896 568 δὴ

1107 572 1152 605 οὖν
1172 582 1175 597 ¹
1195 578 1300 614 λέγομεν
1317 576 1376 613 περὶ
1393 576 1440 603 τοῦ
1458 574 1545 607 ὁσίου,
1569 576 1589 603 ῶ
1593 574 1764 625 Εὐθυφρον;
1793 574 1854 604 ἄλλο
1872 587 1897 603 τι

1106 621 1215 654 φιλεῖται
1232 617 1294 658 ὑπὸ.
1304 618 1376 645 θεῶν
1393 616 1509 649 πάντων,
1536 616 1570 648 ῶς
1587 616 1601 645 6
1621 617 1669 648 σὸς
1685 616 1775 656 λόγος,·
1818 622 1895 645 ΕΥΘ.

1109 662 1171 688 Ναί
1215 665 1270 687 ΣΩ.
1287 660 1349 696 ’Λρα
1367 659 1408 686 διὰ
1426 660 1512 691 τοῦτο,
1532 659 1572 687 ὅτι
1589 658 1664 687 ὅσιόν
1682 662 1758 692 ἐστιν,
1776 658 1792 694 ἢ
1807 657 1836 687 δι’
1849 657 1894 686 ἆλ-

1105 705 1135 730 λο
1153 714 1189 734 τι,-
1229 706 1308 730 ΕΥΘ.
1329 700 1388 733 Οῧκ,
1408 699 1472 728 ἀλλὰ
1491 700 1531 728 διὰ
1550 701 1635 729 τοῦτο.
1679 706 1733 728 ΣΩ.
1753 699 1827 729 Διότι
1844 699 1896 738 α’ρα

1107 743 1182 772 ὅσιόν
1199 746 1265 775 ἐστι,
1283 745 1405 779 φιλεῖται,
1425 740 1477 770 ἀλλ’
1495 741 1543 778 οὐχ
1561 742 1601 771 ὅτι
1618 745 1740 778 φιλεῖται,
1758 742 1800 771 διὰ
1817 743 1895 771 τοῦτο

1107 784 1181 814 ὅσιόν
1199 788 1280 818 ἐστινς
1319 790 1396 813 ΕΥΘ.
1411 783 1515 813 Ἔοικεν.
1558 790 1613 812 ΣΩ.
1630 783 1704 812 Ἀλλὰ
1720 787 1768 822 μὲν
1785 784 1814 820 δὴ
1832 783 1898 813 διότι

1105 830 1216 864 φιλεῖται
1233 826 1284 855 6⁷16
1304 827 1383 859 θεῶν,
1402 825 1556 864 φιλούμενόν
1574 830 1628 854 ἐστι
1642 827 1685 854 καὶ
1699 828 1824 863 θεοφιλὲς
1838 830 1851 845 *
1865 825 1896 854 τὸ

1106 871 1251 905 θεοφιλὲς*.
1295 873 1372 897 ΕΥΘ.
1394 869 1458 899 Πως
1467 867 1535 918 ςγὰρ
1553 867 1596 901 ου’,·
1641 874 1695 896 ΣΩ.
1716 866 1768 897 Οὔκ
1791 867 1842 906 α’ρα
1866 867 1896 896 τὸ

1107 913 1230 947 θεοφιλὲς
1253 909 1328 938 ὅσιόν
1351 914 1430 942 ἐστιν,
1458 911 1478 938 ὦ
1501 908 1658 962 Εὗθύφρον,
1686 908 1745 938 οὐδὲ
1766 909 1797 939 τὸ
1823 910 1897 938 ὅσιον

1107 955 1241 989 θεοφιλες,
1269 951 1302 983 ῶς
1330 952 1362 980 σὺ
1384 954 1474 990 λέγεις,
1502 950 1554 979 ἄλλ
1579 953 1665 990 ἕτερον
1691 953 1768 980 τοῦτο
1794 951 1896 980 τούτου,

1106 1000 1183 1023 ΕΥΘ.
1202 994 1265 1026 Πῶς
1283 993 1320 1029 δή,
1338 993 1487 1031 Σωκρατεςς
1507 1000 1510 1014 ¹
1530 999 1585 1022 ΣΩ.
1600 994 1655 1022 Ὅτι
1672 992 1850 1032 ὁμολογοῦμεν
1866 993 1896 1022 τὸ

1104 1039 1152 1074 μὲν
1169 1036 1245 1065 ὅσιον
1262 1035 1303 1063 διὰ
1321 1036 1399 1064 τοῦτο
1417 1038 1567 1072 φιλεῖσθαι,
1591 1035 1631 1064 ότι
1648 1035 1723 1065 ὅσιόν
1741 1039 1820 1069 ἐστιν,
1844 1034 1895 1063 ἀλλ’

1107 1091 1138 1107 ου
1161 1077 1227 1106 διότι
1247 1080 1369 1114 φιλεῖται,
1397 1078 1473 1106 ὅσιον
1494 1082 1566 1106 εἰναι.
1588 1079 1603 1113 ἠ
1626 1076 1690 1116 7029,-
1732 1083 1810 1107 ΕΥΘ.
1835 1079 1897 1105 Ναί.

1106 1127 1173 1149 xm.
1192 1126 1247 1148 ΣΩ.
1272 1119 1308 1148 Τὸ
1331 1121 1359 1148 δέ
1374 1132 1404 1158 γε
1422 1122 1546 1156 θεοφιλες
1564 1119 1604 1148 ὅτι
1620 1122 1731 1156 φιλεῖται
1746 1118 1799 1148 ὑπὸ
1818 1120 1897 1152 θεῶν,

1107 1161 1175 1200 αὐτῷ
1193 1161 1275 1198 τούτῳ
1293 1162 1328 1198 τῷ
1342 1164 1480 1198 φιλεῖσθαι
1498 1164 1622 1198 θεοφιλὲς
1636 1161 1713 1194 εἶναι,
1732 1160 1783 1189 ἀλλ’
1796 1160 1844 1197 οὐχ
1859 1161 1899 1190 ὅτι

1106 1207 1237 1241 θεοφιλές,
1256 1191 1297 1231 διὰ
1316 1204 1394 1232 τοῦτο
1412 1206 1558 1240 φιλεῖσθαι.
1601 1209 1678 1232 ΕΥΘ.
1695 1202 1794 1240 Ἀληθῆ
1812 1206 1898 1242 λὲγεις.

1106 1252 1161 1275 ΣΩ.
1178 1244 1241 1275 Ἀλλ
1258 1249 1284 1274 εἰ
1293 1258 1323 1284 γε
1338 1244 1433 1274 ταύτὸν
1447 1247 1484 1281 ἠν,
1504 1247 1523 1274 ῶ
1541 1248 1597 1283 φίλε
1613 1244 1765 1284 Εὖθνφρον,
1783 1245 1813 1274 τὸ
1830 1249 1897 1274 θεο-

1106 1291 1176 1326 φιλὲς
1198 1289 1241 1316 καὶ
1263 1287 1292 1316 τὸ
1312 1288 1399 1321 ὁσιον,
1422 1300 1445 1316 ει
1461 1290 1507 1325 μὲν
1526 1287 1567 1316 διὰ
1585 1287 1615 1316 τὸ
1636 1288 1711 1317 ὅσιον
1727 1292 1791 1317 εἰναι
1810 1292 1823 1306 *
1842 1291 1897 1324 ἔφι-

1106 1333 1174 1359 λεῖτο
1192 1329 1222 1358 τὸ
1242 1330 1329 1363 ὅσιον,
1347 1331 1391 1358 καὶ
1409 1329 1449 1358 διὰ
1468 1330 1497 1358 τὸ
1518 1332 1641 1366 θεοφιλὲς
1657 1328 1722 1358 εἶναι
1740 1332 1848 1366 ἐφιλεῖτο
1867 1329 1900 1358 ἁν

1106 1372 1136 1401 τὸ
1159 1374 1292 1409 θεοφιλές·
1325 1372 1348 1400 εἶ
1370 1373 1397 1400 δὲ
1419 1371 1460 1400 διὰ
1483 1372 1512 1400 τὸ
1535 1375 1675 1421 φιλεῖσθαι
1695 1371 1747 1400 υπὸ
1773 1372 1845 1400 θεῶν
1868 1371 1898 1400 τὸ

1107 1416 1231 1450 θεοφιλὲς
1249 1416 1373 1450 θεοφιλὲς
1389 1415 1431 1449 ἡν,
1456 1415 1499 1442 καὶ
1516 1414 1546 1442 τὸ
1565 1414 1641 1442 ὅσιον
1658 1412 1690 1441 α“ν
1708 1413 1749 1441 διὰ
1768 1413 1797 1442 τὸ
1816 1416 1897 1450 φιλεῖ-

1107 1460 1178 1485 σθαι
1200 1456 1275 1484 ὅσιον
1291 1457 1329 1491 ἠν.
1362 1457 1406 1484 νῦν
1424 1457 1451 1484 δὲ
1469 1455 1531 1493 ὁρᾷς
1549 1456 1590 1484 ὁτι
1608 1457 1724 1487 ἐναντίως
1742 1457 1840 1491 ἔχετον,
1866 1454 1900 1487 ῶς

1106 1497 1276 1526 παντάπασιν
1292 1500 1368 1536 ἑτέρω
1387 1497 1444 1526 ὅντε
1464 1497 1583 1533 ἀλλήλων.
1609 1497 1639 1526 τὸ
1657 1500 1703 1535 μὲν
1719 1510 1778 1536 γαρ,
1797 1498 1838 1526 ὅτι
1854 1510 1897 1534 φι-

1106 1543 1194 1572 λεῖται,
1213 1541 1283 1568 ἐστιν
1301 1544 1357 1569 οἱον
1374 1542 1523 1576 φιλεῖσθαι·
1546 1539 1576 1569 τὸ
1596 1538 1620 1567 δ
1638 1540 1677 1568 ὅτι
1695 1541 1764 1568 ἐστιν
1781 1538 1838 1568 οἷον
1854 1552 1897 1576 φι-

1106 1585 1222 1615 λεῖσθαι,
1242 1581 1283 1610 διὰ
1301 1582 1379 1611 τοῦτο
1397 1584 1514 1619 φιλεῖται.
1536 1583 1580 1610 καὶ
1597 1580 1751 1615 κινδυνεύεις,
1770 1583 1790 1610 ὦ
1806 1580 1897 1610 Evod-

1106 1637 1186 1678 φρον,
1210 1623 1371 1662 ἐρωτωμενος
1388 1624 1417 1652 τὸ
1437 1624 1524 1657 ὅσιον,
1549 1624 1564 1652 ὅ
1581 1625 1607 1652 τί
1622 1626 1687 1652 ποτέ
1703 1627 1769 1656 ἐστι,
1791 1623 1838 1659 τὴν
1853 1626 1900 1661 μὲν

1107 1666 1200 1696 ουσίαν
1216 1679 1262 1703 μοι
1280 1665 1361 1695 αὗτοῦ
1379 1679 1410 1695 ου
1429 1665 1575 1703 βούλεσθαι
1590 1667 1709 1702 δηλῶσαι,
1727 1665 1822 1697 παθος
1836 1667 1863 1694 δέ
1877 1678 1900 1694 τι

1106 1710 1166 1746 περὶ
1184 1707 1265 1737 αυτοῦ
1283 1711 1375 1747 λέγειν,
1395 1708 1411 1737 6
1428 1721 1452 1737 τι
1469 1711 1590 1737 πέπονθε
1608 1708 1685 1737 τοῦτο
1704 1707 1734 1737 τὸ
1754 1708 1836 1741 ὅσιον,
1854 1720 1898 1744 φι-

1106 1754 1215 1792 λεῖσθαι
1231 1750 1284 1779 υπὸ
1302 1763 1406 1779 παντων
1425 1757 1429 1771 “
1449 1752 1531 1779 θεῶν
1556 1751 1572 1779 6
1590 1763 1613 1778 τι
1631 1749 1686 1779 δὲ
1676 1749 1714 1783 όν,
1733 1749 1806 1778 ου’πω
1823 1749 1899 1781 εἶπες.

1106 1793 1129 1822 εἶ
1147 1794 1193 1822 οὐν
1211 1805 1254 1821 σοι
1271 1794 1357 1846 φίλον,
1383 1805 1418 1830 μη
1434 1804 1466 1830 με
1485 1791 1638 1846 αποκρύψῃ,
1665 1790 1729 1820 ἀλλὰ
1747 1790 1824 1820 παλιν
1844 1792 1900 1820 εἰπὲ

1108 1838 1135 1867 ἐξ
1153 1833 1240 1873 ἀρχῆς,
1258 1836 1284 1863 τί
1299 1846 1364 1863 ποτε
1383 1834 1413 1863 ὅν
1430 1834 1461 1863 τὸ
1480 1835 1555 1863 ὅσιον
1573 1837 1622 1863 εἶτε
1636 1833 1773 1871 φιλεῖται(
1759 1833 1811 1862 υπὸ
1828 1835 1900 1862 θεῶν

1106 1880 1156 1906 εἴτε
1179 1876 1250 1913 ὁτιδὴ
1272 1887 1378 1912 πασχει·
1407 1875 1439 1905 οὗ
1459 1876 1511 1915 γὰρ
1533 1889 1592 1914 περι
1613 1875 1708 1905 τούτου
1732 1875 1899 1914 διοισόμεθα

1108 1917 1160 1947 αλλ
1176 1919 1233 1948 εἰπὲ
1250 1918 1420 1968 προθύμως,
1427 1920 1452 1947 τί
1469 1922 1523 1947 ἐστι
1540 1918 1571 1947 τό
1589 1930 1616 1947 τε
1634 1918 1709 1947 ὅσιον
1726 1931 1769 1946 και
1786 1918 1816 1946 τὸ
1836 1916 1898 1947 ἆνό-

1108 1974 1179 1995 σιον;
1214 1966 1292 1989 ΕΥΘ.
1308 1959 1382 1993 Ἀλλ’,
1401 1962 1421 1988 ὠ
1439 1960 1582 1998 Σώκρατες,
1601 1959 1647 1989 οὐκ
1666 1961 1714 1996 ἔχω
1733 1961 1816 2013 ἔγωγε
1830 1960 1901 1991 ὅπως

1108 2016 1152 2032 σοι
1173 2006 1237 2032 εἴπω
1256 2002 1271 2031 6
1289 2003 1352 2031 νοῶ·
1384 2005 1543 2040 περιέρχεται
1560 2001 1611 2041 γάρ
1629 2014 1684 2034 πως
1700 2001 1760 2040 ἡμῖν
1777 2001 1817 2031 ἀεὶ
1834 2000 1850 2030 6
1868 2001 1900 2030 ἂν

1107 2044 1293 2083 προθώμεθα,
1316 2045 1359 2073 καῖ
1382 2057 1427 2073 ουκ
1451 2047 1534 2073 ἐθέλει
1551 2047 1634 2082 μένειν
1652 2044 1721 2073 ὅπου
1739 2043 1771 2073 ἂν
1777 2043 1897 2085 ἱδρυσώ-

1106 2091 1181 2125 μεθα
1200 2085 1272 2115 αὐτό.
1315 2092 1370 2115 ΣΩ
1390 2087 1444 2115 Τοῦ
1461 2086 1583 2124 ἡμετέρου
1601 2085 1746 2124 προγόνου,
1768 2086 1789 2114 ὦ
1806 2084 1898 2114 Εὐθύ-

1107 2141 1187 2167 φρον,
1215 2130 1296 2157 ἔοικεν
1316 2133 1380 2157 εἶναι
1400 2128 1532 2157 Δαιδάλου
1553 2128 1585 2157 τὰ
1603 2127 1655 2157 ὑπὸ
1674 2140 1724 2157 σου
1743 2134 1748 2150 ¹
1766 2126 1899 2166 λεγόμενα

1109 2216 1276 2246 ἐπέσκωπτες,
1294 2212 1329 2245 ὧς
1346 2211 1398 2251 ἄρα
1415 2214 1459 2241 καὶ
1477 2214 1533 2250 ἐμοὶ
1550 2212 1616 2241 κατὰ
1634 2212 1679 2248 τὴν
1696 2213 1791 2240 ἐκείνου
1808 2214 1898 2250 ξυγγέ-

1107 2268 1178 2284 νειαν
1198 2255 1231 2284 τὰ
1254 2258 1280 2283 ἐν
1301 2258 1357 2287 τοῖς
1377 2253 1465 2294 λόγοις
1487 2256 1549 2293 ἔργα
1574 2253 1758 2292 ἀποδιδράσκει
1784 2255 1828 2282 καὶ
1853 2252 1900 2282 m’m

1108 2300 1193 2326 ἐθέλει
1213 2299 1296 2335 μένειν
1318 2297 1387 2326 ὅπου
1409 2295 1442 2325 ἅν
1462 2308 1500 2328 τις
1522 2295 1589 2325 αὐτὰ
1611 2298 1663 2333 θῇ·
1690 2297 1735 2325 νῦν
1752 2297 1779 2325 δέ
1795 2313 1836 2317 —
1854 2307 1901 2324 σαι

1106 2339 1158 2379 γὰρ
1177 2340 1205 2368 αἶ
1221 2338 1366 2370 ὑποθέσεις
1382 2339 1458 2368 εἰσίν·
1487 2338 1566 2367 ἄλλον
1583 2337 1613 2374 δή
1630 2349 1698 2370 τινος
1716 2339 1754 2366 δεῖ
1775 2336 1898 2375 σκῶμμα-

1107 2393 1159 2414 τος.
1182 2379 1214 2410 οὗ
1227 2381 1279 2419 γὰρ
1298 2383 1421 2409 ἐθέλουσί
1438 2393 1482 2409 σοι
1495 2383 1584 2418 μένειν,
1604 2379 1638 2412 ὦς
1654 2381 1698 2409 καὶ
1712 2378 1780 2417 αυτῷ
1796 2391 1839 2408 σοι
1853 2381 1899 2408 δο-

1107 2427 1152 2452 κεῖ
1195 2428 1273 2451 ΕΥΘ.
1289 2421 1360 2460 Εμοι
1378 2424 1404 2451 δὲ
1423 2424 1493 2451 δοκεῖ
1510 2422 1603 2472 σχεδόν
1616 2434 1640 2451 τι
1654 2423 1701 2451 τοῦ
1716 2420 1797 2450 αὐτοῦ
1812 2433 1898 2459 σκωμ-

1105 2476 1197 2503 ματος,
1215 2466 1236 2493 ὠ
1253 2464 1396 2502 Σώκρατες,
1416 2466 1525 2493 δεῖσθαι
1539 2464 1571 2493 τὰ
1586 2463 1721 2503 λεγόμενα·
1739 2463 1770 2492 τὸ
1784 2463 1836 2502 γὰρ
1850 2475 1898 2492 πε-

1106 2510 1197 2561 ριιέναι
1213 2505 1303 2538 αὐτοῖς
1323 2507 1401 2535 τοῦτο
1426 2507 1469 2535 καὶ
1490 2507 1526 2544 μὴ
1548 2509 1631 2544 μένειν
1653 2509 1679 2534 ἐν
1699 2507 1735 2543 τῷ
1759 2504 1828 2542 αὐτῷ
1851 2503 1898 2534 οὐκ

1108 2548 1157 2588 ἐγώ
1174 2549 1225 2586 εἶμι
1243 2548 1257 2577 6
1276 2550 1393 2581 ἐντιθείς,
1414 2555 1418 2569 ¹
1438 2547 1502 2577 ἀλλὰ
1521 2547 1554 2577 σύ
1569 2560 1615 2586 μοι
1633 2546 1743 2579 δοκεῖς“
1730 2560 1744 2576 ο
1762 2534 1898 2580 Δαίδαλος,

1107 2592 1163 2620 ἐπεὶ
1179 2591 1242 2629 ἐμοῦ
1258 2602 1289 2629 γε
1307 2591 1378 2619 ἕνεκα
1397 2592 1482 2628 ἔμενεν
1500 2589 1532 2619 ἂν
1548 2591 1630 2619 ταῦτα
1646 2590 1734 2621 οὕτως.
1763 2595 1818 2617 ΣΩ.
1832 2594 1897 2617 Κιν-

1107 2632 1202 2662 δυνεύω
1220 2631 1284 2671 ἄρα,
1307 2633 1327 2661 ὠ
1349 2634 1446 2671 ἑταῖρε,
1470 2634 1565 2662 ἐκείνου
1581 2633 1629 2661 τοῦ
1647 2630 1741 2670 ἀνδρὸς
1758 2630 1901 2669 δεινότερος

1105 2677 1240 2714 γεγονέναι
1260 2674 1307 2710 τὴν
1327 2676 1416 2710 τεχνην
1436 2687 1567 2711 τοσουτῳ,
1590 2674 1645 2711 ὅσῳ
1668 2673 1683 2703 ὃ
1704 2676 1752 2712 μὲν
1768 2673 1802 2702 τὰ
1819 2671 1900 2702 αὖτοῦ

1925 1293 1946 1311 ll
