1998 3084
128 290 162 307 7⁸2¹)

166 1099 167 1104 ¹
205 1081 297 1118 Τρὲίοίς
314 1079 498 1115 περίμδνονῖδς,
517 1087 559 1102 καί
579 1085 638 1102 θυῖε
656 1072 712 1101 Τίνὰ
731 1070 811 1110 λογον
829 1083 942 1100 ΕκασἿΟυ
956 1082 1003 1098 ΠΕ-

155 2146 191 2164 721

187 161 235 186 4⁴6

187 237 251 270 θυς,
275 236 290 264 ὅ
309 238 347 263 δεῖ
363 238 448 262 ποιεῖν
465 233 508 260 καὶ
524 230 571 268 μή,
593 229 679 267 φράζῃ
701 241 727 257 τε
749 230 793 256 καῖ
812 227 988 262 ἐπαπειλήσας

189 281 233 314 τη,
254 280 342 315 ζημίαν
363 280 377 294 *
400 274 436 303 ἐπ’
458 274 536 302 ἄλλον
556 275 680 310 τρέπηται
697 270 790 307 νόμον,
813 271 989 307 παραμυθίας

190 324 215 350 δὲ
234 321 277 348 καὶ
294 317 408 348 πειθοῦς
425 320 481 347 τοῖς
498 315 736 352 νομοθετουμένοις
751 313 842 349 μηδὲ
835 312 861 339 ἐν
881 312 988 349 προςδι-

191 364 237 400 δῷ,-
257 360 383 397 καθοὶπερ
402 358 492 396 ιατρὸς
510 358 537 384 δέ
554 367 591 387 τις
609 354 623 384 ὁ
641 358 689 392 μὲν
707 353 795 386 οὕτως,
816 352 830 382 ὃ
850 351 873 381 δ
893 354 990 384 ἐκείνως

193 405 257 442 ἡμᾶς
274 406 370 431 εἴωθεν
388 400 512 429 ἑκάστοτε
534 397 705 436 θεραπεύειν,
728 413 769 416 —-
792 393 990 433 ἀναμιμνῃσκώ-

191 450 265 484 μεθα
293 446 319 473 δὲ
346 443 393 472 τὸν
419 441 519 480 τρόπον
545 440 679 477 ἑκατερον,
705 440 747 466 ἵνα
772 438 819 466 τοῦ
841 439 993 474 νομοθετου

194 488 324 525 δεώμεθα,
343 485 469 522 καθαπερ
488 484 579 521 ἰατροῦ
595 483 693 510 δέοιντο
710 479 741 508 ἄν
756 481 848 511 παῖδες
862 479 909 507 τὸν
922 491 992 517 πρα-

195 531 291 559 ότατον
314 527 394 556 αὐτὸν
411 525 570 576 θεραπεύειν
587 523 687 562 τρόπον
705 521 820 553 ἑαυτούς
848 520 905 550 οἷον
923 521 953 556 δὴ
971 523 996 548 τί

195 576 326 625 λὲγομενς
340 571 391 599 εἶσὶ
408 568 462 598 πού
478 579 543 599 τινες
560 567 657 604 ἰατροί,
676 567 767 602 φαμέν,
785 566 829 592 καί
846 574 911 594 τινες
927 575 993 598 ιπη-

195 618 266 653 ρὲται
291 613 342 642 τῶν
369 612 476 649 ἶατρῶι,
505 609 618 662 ἷιττρουςῖ
636 609 663 636 δὲ
689 607 817 644 καλοῦμεν
843 605 928 641 δήπου
953 606 996 632 καὶ

198 657 318 698 τούτους
332 661 336 676 ¹
356 659 409 682 KA
428 652 506 681 Πανυ
522 654 569 689 μὲν
587 651 639 680 οὖν.
685 655 741 678 ΑΘ
758 647 818 676 Ἐαν
835 651 863 677 τέ
878 660 908 687 γε
927 646 995 675 ἐλεύ-

198 704 277 737 θεροι
298 699 361 726 ὦσιν
383 695 427 724 εάν
448 707 475 724 τε
498 695 598 725 δοῦλοι,
621 705 669 720 κατ
697 693 811 722 ἐπίταξιν
834 692 861 718 δὲ
882 690 933 718 τῶν
955 691 996 718 δε-

199 742 305 770 σποτῶν
330 740 373 768 καῖ
399 739 517 788 θεωρίαν
542 736 586 764 καὶ
612 733 666 763 κατ’
689 735 821 771 ἐμπειρίαν
842 732 888 768 τὴν
911 734 999 768 τέχνην

199 784 319 815 κτῶνται,
346 781 412 810 κατὰ
440 779 518 817 φύσιν
545 779 572 806 δὲ
592 777 639 816 μή,
667 775 793 813 καθαπερ
817 776 843 804 οῖ
866 774 1000 812 ἐλεύθεροι

201 825 277 855 αὐτοί
293 837 320 853 τε
336 822 523 862 μεμαθήκασιν
541 832 608 849 ουτω
626 830 686 850 τους
703 830 730 846 τε
750 816 833 846 αυτών
848 816 1001 845 διδασκουσι

200 870 303 899 παῖδας
330 868 405 901 θείης
423 864 455 892 ἂν
472 876 554 892 ταυτα
573 862 619 890 δύο
637 864 705 911 γένηῖ
714 860 765 888 τῶν
780 859 966 901 καλουμένων
958 871 999 886 ια-

200 911 279 949 τρεῖν,
319 907 455 938 ΚΛ.11ὧς
471 918 523 945 γαρ
542 903 586 938 οὖς
622 909 679 932 ΑΘ
697 901 746 940 Ἀρ)
764 902 811 931 οὐν
828 903 872 930 καὶ
890 904 1002 933 ξυννοεῒς

202 953 253 985 ὅτι,
277 951 375 980 δουλων
396 962 439 978 και
461 950 605 985 ἐλευθέρων
628 945 710 974 ὄντων
732 945 782 973 τῶν
802 943 953 981 καμνόντων
978 946 1003 970 ἐν

203 999 260 1026 ταῖς
281 993 386 1025 πόλεσι,
408 991 469 1022 τοὺς
489 992 536 1028 μὲν
559 996 563 1010 ¹
587 988 696 1018 δούλους
718 986 812 1040 σχεδόν
829 998 854 1014 τι
872 987 898 1015 οἱ
915 986 1004 1014 δοῦλοι

205 1038 235 1066 τὰ
262 1035 346 1064 πολλὰ
374 1032 523 1071 ἶατρεύουσι
549 1033 741 1069 περιτρέχοντες
767 1030 811 1057 καὶ
835 1032 862 1058 ἐν
882 1032 938 1060 τοῖς
960 1028 1002 1055 ἰα-

205 1124 231 1160 ρὶ
252 1120 400 1158 νοσήματος
422 1117 534 1146 ἕκαστον
552 1116 604 1144 τῶν
622 1115 727 1144 οἰκετῶν
746 1113 830 1145 οὐδεὶς
847 1114 899 1142 τῶν
915 1125 1004 1141 τοιου-

206 1177 257 1193 των
283 1162 378 1212 ἶατρῶν
403 1162 506 1189 δίδωσιν
533 1157 588 1187 οὐδ
617 1156 783 1193 αποδὲχεται,
810 1154 959 1194 προςτᾶξας
981 1152 1004 1182 δ

208 1206 276 1244 αυτῷ
294 1205 327 1234 τὰ
346 1204 458 1236 δόξαντα
477 1205 504 1234 ἐξ
522 1203 652 1239 ἐμπειρίας
670 1199 704 1231 ὦς
723 1198 832 1236 ακριβῶς
850 1197 933 1231 εἰδώς,
958 1210 1005 1225 κα-

208 1248 299 1286 θάπερ
321 1246 456 1285 τύραννος,
481 1243 608 1274 αὐθαδῶς
630 1246 728 1277 οιχεται
751 1240 926 1276 ἀποπηδήσας
941 1239 1008 1277 πρὸς

209 1291 286 1320 ἄλλον
308 1301 439 1328 καμνοντα
463 1287 572 1321 οἰκέτην,
595 1286 639 1313 καὶ
661 1282 796 1323 ῥᾳστώνην
818 1295 885 1311 ουτω
907 1283 942 1319 τῷ
966 1283 1007 1310 δε-

211 1333 297 1370 οπότῃ
320 1329 510 1369 παρασκευαζει
527 1328 577 1357 τῶν
594 1326 745 1365 καμνόντων
762 1326 807 1362 τῆς
825 1311 980 1363 ἐπιμελείας,
1004 1330 1008 1344 ¹

211 1389 224 1405 ο
244 1377 271 1404 δὲ
290 1374 428 1412 ἐλεύθερος
446 1371 480 1404 ὧς
499 1372 540 1400 ἐπὶ
557 1370 587 1399 τὸ
606 1373 730 1398 πλεῖστον
747 1368 780 1396 τὰ
798 1368 850 1396 τῶν
866 1369 1010 1404 ἐλευθέρων

210 1417 345 1454 νοσήματα
363 1412 507 1466 θεραπευει
524 1425 552 1442 τε
569 1425 613 1441 και
635 1414 783 1444 ἐπισκοπει,
806 1411 850 1439 καὶ
866 1422 949 1438 ταυτα
968 1411 1008 1441 ἐξ-

210 1459 305 1493 ετάζων
327 1457 370 1487 ἇπ
393 1457 472 1496 ἀρχῆς
493 1457 537 1485 καὶ
557 1455 624 1484 κατὰ
646 1454 736 1492 φύσιν,
759 1453 797 1490 τῷ
813 1464 936 1490 καμνοντι
953 1463 1008 1480 κοι-

211 1503 335 1540 νούμενος
360 1499 429 1538 αὐτῷ
454 1511 481 1528 τε
508 1499 551 1527 καὶ
577 1501 633 1529 τοῖς
658 1498 753 1534 φίλοις,
782 1494 837 1533 ἅμα
861 1497 909 1532 μὲν
933 1492 1012 1525 αὐτὸς

210 1543 344 1584 μανθάνει
360 1556 385 1572 τι
400 1542 474 1580 παρὰ
492 1542 543 1570 τῶν
563 1551 724 1571 νοσουντων,
749 1537 802 1576 ἅμα
821 1539 848 1566 δὲ
866 1539 920 1570 καί,
945 1534 1009 1586 καθ’

213 1588 280 1617 ὅσον
301 1586 357 1618 οἶός
377 1588 405 1614 τὲ
426 1589 492 1617 ἐστι,
520 1582 635 1612 διδάσκει
655 1581 703 1611 τὸν
725 1579 895 1609 ἀσθενοῦντα
924 1577 1011 1611 αὐτόν,

212 1631 255 1660 καὶ
273 1642 304 1658 ου
322 1627 452 1667 πρότερον
470 1628 588 1659 ἐπέταξε,
609 1637 670 1663 πριν
688 1635 721 1652 αν
737 1635 776 1660 πῃ
793 1624 934 1660 ξυμπείσῃ,
952 1620 1012 1650 τότε

213 1675 240 1702 δὲ
260 1685 326 1710 μετα
347 1670 462 1701 πειθους
482 1667 658 1707 ἡμερούμενον
679 1665 719 1695 ἀεὶ
740 1664 945 1703 παρασκευαζων
966 1663 1013 1692 τὸν

214 1715 357 1753 κάμνοντα,
375 1713 412 1745 εἷς
428 1712 474 1748 τὴν
490 1710 590 1750 ὑγίειαν
607 1709 686 1748 ἂγων,
706 1715 709 1729 ¹
730 1706 867 1737 ἀποτελεῖν
884 1707 1012 1745 πειρᾶται.

213 1757 327 1795 πότερον
350 1766 431 1787 ουτως
450 1753 466 1790 ἢ
489 1755 588 1784 ἐκείνως
609 1751 699 1789 ἰατρός
720 1762 748 1779 τε
770 1749 878 1788 ἰώμενος
905 1748 1014 1787 ἀμείνων

214 1801 257 1829 καὶ
273 1797 421 1838 γυμναστὴς
437 1796 582 1835 γυμναζων;
603 1794 660 1832 διχῇ
677 1793 722 1829 τὴν
738 1795 801 1830 μίαν
819 1791 953 1821 ἆποτελῶν
968 1790 1009 1819 δύ-

215 1854 300 1880 ναμιν,
327 1839 466 1878 ημοναχῇ
487 1839 531 1867 καὶ
552 1837 620 1866 κατὰ
641 1836 671 1865 τὸ
691 1840 781 1873 χεῖρον
802 1839 860 1863 τοῖν
882 1836 954 1863 δυοῖν
971 1846 1015 1862 και

216 1896 373 1945 ιζγριωτερον
392 1880 612 1920 απεργαζόμενοςς
643 1884 697 1907 KA.
716 1877 793 1906 Πολυ
810 1889 864 1906 που
882 1878 1014 1925 διαφέρον,

214 1928 235 1955 ὦ
253 1929 314 1959 ξένε,
333 1937 363 1954 το
383 1925 466 1961 διπλῇ.
503 1928 557 1951 ΑΘ.
575 1921 671 1950 Βούλει
688 1921 718 1956 δὴ
736 1921 779 1948 καὶ
798 1919 968 1957 θεασώμεθα
984 1917 1014 1946 τὸ

216 1970 322 1997 διπλουν
339 1967 417 1996 τοῦτο
436 1967 479 1994 καὶ
497 1964 597 1993 ἆπλοῧν
616 1968 641 1992 ἐν
658 1967 716 1995 ταῖς
732 1964 908 2000 νομοθεσίαις
925 1960 1017 1992 αὐταῖς

215 2010 379 2050 γιγνόμενον,’
423 2013 477 2037 KA
499 2007 563 2038 Πῶς
583 2006 635 2046 γὰρ
658 2004 689 2035 οὗ
712 2004 851 2043 βουλομαι;
896 2010 940 2032 XI.
958 2008 1015 2031 ΑΘ.

221 2056 284 2091 Φέρε
303 2053 332 2088 δὴ
350 2051 417 2090 πρὸς
434 2051 519 2083 θεῶν,
541 2048 585 2078 τίν
604 2048 655 2087 α’ρα
673 2049 778 2086 πρῶτον
795 2047 877 2085 νόμον
895 2044 964 2075 θεῖτ
985 2058 1017 2073 αν

218 2096 232 2125 ὁ
255 2097 415 2133 νομοθετηςς
443 2106 476 2131 αρ
503 2105 535 2121 ου
556 2091 623 2120 κατὰ
645 2090 725 2128 φύσιν
745 2090 790 2125 τὴν
811 2091 871 2128 περὶ
893 2091 1018 2128 γενεσεως

219 2137 299 2176 ἀρχὴν
316 2149 420 2175 πρωτην
437 2135 538 2164 πόλεων
555 2137 613 2172 πέρι
631 2131 825 2170 κατακοσμήσει
840 2136 853 2150 *
868 2135 926 2163 ταῖς
939 2130 1015 2162 τάξε-

219 2193 258 2214 m,-
302 2184 355 2208 KA.
379 2181 411 2207 Τί
429 2191 492 2219 μην,·
536 2182 591 2205 ΑΘ
614 2175 690 2214 Λρχὴ
708 2174 731 2203 δ
754 2176 809 2203 ἐστὶ
826 2174 877 2202 τῶν
893 2176 1018 2213 γενέσεων

218 2222 317 2254 πάσαις
338 2221 445 2250 πόλεσιν
468 2218 506 2257 ἄρ’
529 2218 577 2254 οὐχ
597 2218 612 2254 ἦ
638 2219 689 2247 τῶν
714 2216 807 2256 γάμων
832 2216 951 2254 σύμμιξις
976 2215 1019 2243 καὶ

220 2267 352 2297 κοινωνίας
387 2268 439 2291 KA
458 2262 522 2294 Πῶς
538 2273 590 2300 γαρ
609 2260 653 2294 011¹,-
688 2265 746 2288 ΑΘ
766 2260 877 2298 Γαμικοὶ
894 2258 924 2294 δὴ
942 2257 1019 2295 νόμοι

220 2308 319 2346 πρῶτοι
345 2304 518 2334 κινδυνευουσι
544 2306 677 2341 τιθέμενοι
707 2302 790 2334 καλῶς
823 2301 855 2330 ἂν
886 2303 1020 2329 τίθεσθαι

220 2350 287 2401 πρὸς
313 2347 451 2387 ὀρθότητα
476 2345 552 2383 πάσῃ
578 2345 658 2374 πόλει.
703 2350 756 2373 KA.
783 2342 948 2372 Πανταπασι
972 2345 1019 2381 μὲν

222 2394 274 2442 οὖν.
318 2396 374 2419 ΑΘ.
396 2393 518 2427 Λέγωμεν
541 2388 570 2424 δὴ
591 2388 697 2426 πρῶτον
718 2387 765 2415 τὸν
787 2385 894 2415 ἇπλοῧν
922 2386 976 2421 ἔχοι
993 2383 1017 2412 δ’

223 2434 254 2463 τίν
271 2445 326 2465 πως
344 2436 406 2464 ισως
422 2430 482 2460 ὡδε·
501 2435 593 2470 γαμεῖν
611 2432 644 2463 δέ,
664 2429 767 2459 ἐπειδὰν
785 2428 847 2458 ἐτῶν
861 2429 879 2466 ᾗ
893 2439 931 2460 τις
945 2426 1018 2466 τριά-

222 2490 312 2509 κοντα,
338 2478 411 2513 μέχρι
433 2475 495 2503 ἑτῶν
516 2476 591 2502 πέντε
612 2473 656 2501 καὶ
679 2479 683 2494 ¹
706 2484 857 2510 τριακοντα,
885 2471 908 2500 εἰ
930 2472 957 2499 δὲ
976 2469 1020 2508 μή,

223 2519 383 2557 ζημιοῦσθαι
402 2516 519 2555 χρήμασί
539 2528 566 2544 τε
588 2517 631 2543 καὶ
654 2513 752 2552 ατιμίᾳ,
773 2514 890 2552 χρήμασι
909 2515 956 2552 μὲν
973 2511 1019 2542 τό-

223 2573 281 2593 σοις
301 2562 345 2589 καὶ
365 2559 466 2592 τόσοις,
488 2558 521 2596 τῇ
542 2571 586 2586 και
606 2558 638 2595 τῇ
660 2559 687 2585 δὲ
706 2555 800 2595 ατιμίᾳ.
828 2556 842 2586 ὁ
859 2559 907 2595 μὲν
924 2552 1023 2587 ἄπλους

225 2607 290 2632 ἔστω
310 2615 346 2635 τις
363 2613 482 2633 τοιουτος
499 2602 568 2642 περὶ
574 2612 672 2639 γαμων,
692 2612 706 2628 ο
726 2600 753 2627 δὲ
771 2599 878 2631 διπλοῦς
895 2598 945 2627 ὁδε
969 2610 1020 2636 γα-

223 2651 280 2684 μεῖν
298 2647 332 2678 δέ,
352 2645 455 2673 ἐπειδὰν
473 2644 535 2672 ἐτῶν
551 2644 568 2680 ᾖ
586 2654 623 2674 τις
640 2654 786 2680 τριακοντα,
804 2645 877 2682 μέχρι
895 2641 945 2669 τῶν
959 2643 1020 2668 πέν-

224 2701 251 2717 τε
269 2689 312 2716 καὶ
328 2687 479 2725 τριάκοντα,
499 2687 673 2721 διανοηθέντα
691 2683 725 2715 ὡς
743 2685 811 2714 ἔστιν
832 2683 848 2721 ᾗ
863 2683 892 2712 τὸ
913 2682 1020 2721 &1⁴3an—

862 149 1156 176 PLATONIS

1038 240 1113 256 πινον
1134 230 1208 265 γένος
1228 226 1303 263 φύσει
1323 229 1371 256 τινὶ
1387 229 1534 265 μετείληφεν
1553 225 1718 259 ἀθανασίας,
1743 221 1773 254 οὗ
1791 226 1834 254 καὶ

1039 273 1151 306 πέφυκεν
1173 271 1315 306 ἐπιθυμίαν
1335 273 1416 306 ἰσχειν
1436 271 1489 301 πὰς
1509 270 1610 297 πᾶσαν
1638 268 1667 297 τὸ
1690 267 1741 306 γὰρ
1762 269 1832 306 γενέ-

1041 315 1112 340 σθαι
1131 317 1135 330 ¹
1154 310 1251 339 κλεινὸν
1268 312 1311 338 καὶ
1326 311 1361 349 μὴ
1380 311 1513 349 ἇνωνυμον
1530 314 1638 339 κεῖσθαι
1658 308 1833 345 τετελευτηκό-

1040 365 1074 382 τα
1097 353 1144 381 τοῦ
1165 351 1287 381 τοιούτου
1309 355 1377 381 ἐστὶν
1398 356 1533 391 ἐπιθυμία.
1558 356 1632 391 γένος
1654 365 1700 381 ουν
1726 350 1833 390 ἀνθρώ-

1041 407 1099 423 πων
1117 396 1172 423 ἐστί
1188 407 1212 422 τι
1231 396 1341 432 ξυμφυὲς
1358 395 1405 423 τοῦ
1421 395 1521 427 παντὸς
1535 395 1641 433 χρόνον,
1661 394 1676 423 ὅ
1694 393 1735 422 διὰ
1751 396 1838 425 τέλους

1044 436 1113 473 αὐτῷ
1131 439 1263 468 ξυνέπεται
1280 437 1324 464 καὶ
1341 439 1486 474 συνέψεται,
1504 437 1587 475 τούτῳ
1605 437 1640 474 τῷ
1658 435 1746 475 τρόπῳ
1762 435 1836 464 ἀθα-

1044 491 1124 508 νατον
1147 478 1189 511 ὅν,
1212 478 1247 515 τῷ
1268 478 1365 510 παῖδας
1385 479 1483 508 παίδων
1504 479 1723 517 καταλειπόμενον
1745 476 1840 507 ταῦτόν

1045 522 1088 550 καὶ
1115 521 1140 549 ἓν
1168 519 1198 548 ὂν
1224 519 1264 548 ἀεὶ
1289 522 1388 558 γενέσει
1411 520 1456 556 τῆς
1482 519 1634 553 ἀθανασίας
1659 522 1840 559 μετειληφέναι.

1046 563 1142 592 τούτου
1164 562 1194 597 δὴ
1217 561 1371 600 ἀποστερεῖν
1393 561 1484 591 ἑκόντα
1505 563 1598 592 ἑαυτὸν
1617 562 1740 592 οὐδὲτοτε
1759 563 1841 595 ὅσιον,

1048 609 1074 634 ἐκ
1091 607 1218 643 προνοιας
1236 603 1259 631 δ’
1278 603 1419 642 ἀποστερεῖ
1440 604 1469 636 ὃς
1491 604 1522 633 ἂν
1542 607 1642 634 παίδων
1663 607 1707 634 καὶ
1723 603 1843 644 γυναικὸς

1049 646 1136 685 ἀμελῆ.
1167 646 1327 684 πειθομενος
1342 649 1389 684 μὲν
1407 647 1453 675 οὖν
1470 647 1505 684 τῷ
1524 653 1528 668 ¹
1547 647 1616 689 νόμω
1636 646 1739 686 ἇζημιος
1757 646 1841 676 ἆπαλ-

1049 689 1169 718 λάττοιτο
1197 688 1240 721 α’ν,
1266 688 1300 726 μὴ
1327 687 1488 726 πειθόμενος
1513 690 1540 717 δὲ
1563 702 1595 718 αυ
1617 691 1679 727 μηδὲ
1697 690 1787 742 γαμῶν
1803 690 1844 724 ἔτη

1049 731 1188 770 τριάκοντα
1212 730 1328 783 γεγονὼς
1353 731 1398 759 καὶ
1422 733 1497 759 πέντε
1529 731 1681 768 ζημιουσθω
1712 735 1758 770 μὲν
1789 729 1843 760 κατ’

1051 774 1168 803 ἐνιαυτὸν
1189 772 1259 810 τόσω
1281 774 1325 801 καὶ
1346 772 1429 810 τόσῳ,
1453 785 1493 801 ινα
1510 772 1544 810 μὴ
1564 774 1626 811 δοκῇ
1645 774 1689 810 τὴν
1705 775 1847 812 μοναυλίαν

1052 818 1078 845 οἱ
1095 817 1184 858 κέρδος
1201 816 1243 843 καὶ
1261 814 1394 854 ῥαστωνην
1411 817 1504 853 φέρειν,
1523 828 1565 843 και
1579 816 1613 853 μὴ
1627 820 1750 854 μετεχέτω
1766 817 1793 845 δὲ
1808 828 1844 844 τι-

1051 859 1106 897 μῶν
1128 859 1164 886 ὠν
1186 857 1217 886 ἂν
1240 859 1265 886 οἱ
1288 869 1407 895 νεωτεροι
1429 861 1454 885 ἐν
1476 857 1507 895 τῇ
1529 857 1603 886 πόλει
1624 858 1685 891 τοὺς
1705 859 1846 912 πρεσβυτέ-

1053 912 1114 939 ρους
1132 899 1217 928 αὗτῶν
1234 900 1340 937 τιμῶσιν
1357 898 1489 928 ἑκαστοτε.
1514 899 1614 929 Τοῦτον
1630 900 1659 936 δὴ
1676 899 1736 939 παρ’
1755 903 1849 929 ἐκεινον

1054 944 1100 971 τὸν
1121 942 1202 980 νόμον
1226 954 1375 971 ακουσαντα
1399 943 1482 974 ἔξεστι
1502 943 1562 980 περὶ
1583 941 1640 974 ἑνὸς
1661 942 1774 972 ἑκάστου
1792 943 1865 980 δια-1

1053 986 1196 1021 νοηθῆναι,
1223 984 1335 1022 πότερον
1362 982 1456 1016 αὐτοὺς
1483 985 1587 1017 διπλοῦς
1613 997 1680 1014 ουτω
1707 986 1746 1013 δεῖ
1765 987 1865 1032 γίγνε-

1056 1070 1109 1108 ἅμα
1136 1071 1179 1098 καὶ
1206 1068 1330 1102 ἀπειλεῖν,
1360 1068 1376 1105 ἢ
1402 1069 1437 1107 τῷ
1465 1068 1577 1098 ἀπειλεῖν
1601 1069 1684 1108 μόνον
1689 1060 1866 1122 χρωμένουςτ

1057 1112 1155 1143 ἆπλους
1176 1113 1319 1150 γίγνεσθαι
1340 1115 1396 1143 τοῖς
1416 1110 1514 1149 μήκεσι.
1558 1118 1613 1140 ME.
1636 1112 1712 1151 Πρὸς
1737 1125 1784 1165 μεν
1806 1121 1867 1140 του“

1056 1154 1209 1183 Λακωνικοῦ
1227 1153 1335 1191 τρόπον,
1354 1166 1374 1182 ω
1384 1156 1454 1202 -Ec'vs,
1474 1153 1503 1183 τὸ
1521 1167 1554 1182 τα
1571 1154 1745 1193 βραχύτερα’
1731 1167 1771 1183 αει
1785 1167 1852 1192 προ-

1056 1198 1143 1235 τιμᾶν
1171 1195 1269 1225 τούτων
1289 1196 1339 1234 μὴν
1360 1196 1411 1224 τῶν
1431 1208 1590 1235 γραμματων
1612 1199 1638 1225 εἷ’
1654 1208 1692 1229 τις
1709 1197 1795 1236 κριτὴν
1813 1199 1854 1234 ἐμὲ

1058 1238 1155 1268 κελεύοι
1176 1241 1319 1277 γίγνεσθαι
1339 1238 1439 1276 πότερα
1463 1240 1600 1276 βουλοίμην
1623 1238 1655 1268 ἂν
1676 1243 1702 1268 ἐν
1726 1240 1759 1278 τῇ
1782 1238 1855 1268 πόλει

1058 1294 1104 1320 μοι
1124 1283 1288 1320 γεγραμμένα
1309 1281 1432 1316 τεθῆναι,
1455 1280 1487 1310 τὰ
1508 1280 1644 1319 μακρότερ’
1662 1281 1694 1310 ἂν
1711 1284 1820 1320 ἑλοίμην,
1843 1285 1855 1299 *

1060 1325 1103 1353 καὶ
1125 1323 1154 1359 δὴ
1177 1324 1221 1352 καὶ
1242 1324 1302 1361 περὶ
1322 1323 1421 1355 παντὸς
1439 1322 1521 1362 νόμου
1538 1323 1604 1352 κατὰ
1622 1324 1700 1353 τοῦτο
1719 1324 1749 1354 τὸ
1767 1323 1855 1363 παρά-

1061 1368 1160 1405 δειγμα,
1179 1366 1201 1394 εἰ
1218 1368 1333 1405 γίγνοιτο
1352 1366 1468 1404 ἑκάτερα,
1486 1364 1583 1395 ταύτὸν
1597 1365 1665 1395 τοῦτ’
1683 1365 1715 1395 ἆν
1731 1367 1856 1405 αἱροίμην.

1062 1408 1093 1438 οὗ
1114 1409 1164 1447 μὴν
1186 1407 1251 1436 ἀλλά
1272 1420 1326 1437 που
1347 1409 1390 1436 καὶ
1410 1410 1515 1446 Κλεινίᾳ
1537 1410 1600 1447 τῷδε
1623 1407 1738 1447 ἀρέσκειν
1765 1410 1804 1438 δεῖ
1825 1407 1858 1437 τὰ

1061 1452 1106 1480 νῦν
1127 1450 1354 1489 νομοθετουμενα’
1382 1449 1477 1480 τούτου
1497 1450 1549 1490 γὰρ
1570 1450 1587 1487 ἡ
1607 1451 1681 1483 πόλις
1701 1450 1717 1488 ἦ
1738 1451 1783 1481 νῦν
1804 1454 1859 1483 τοῖς

1062 1505 1191 1525 τοιουτοις
1213 1492 1303 1531 νόμοις
1321 1493 1444 1531 χρῆσθαι
1470 1494 1645 1532 διανοουμένη
1688 1499 1743 1523 ΚΛ
1765 1493 1860 1525 Καλως

1061 1535 1094 1575 γ’,
1113 1537 1134 1564 ὦ
1137 1538 1273 1586 1’Μέγιλλε
1292 1534 1368 1567 εἶπες.
1390 1542 1445 1564 ΧΠ.
1461 1541 1517 1564 ΑΘ.
1537 1535 1574 1565 Τὸ
1591 1539 1639 1574 μὲν
1656 1537 1702 1565 οὖν
1719 1537 1778 1575 περὶ
1792 1539 1858 1566 πολ-

1062 1579 1113 1607 λῶν
1133 1578 1148 1614 ἢ
1171 1577 1274 1628 ολίγων
1280 1591 1439 1617 γραμματων
1455 1577 1628 1614 ποιησασθαι
1645 1578 1691 1607 τὸν
1708 1579 1787 1618 λόγον
1804 1580 1861 1607 λίαν

1063 1620 1221 1657 dimac-10¹1
1239 1633 1300 1671 γαρ,
1319 1625 1398 1658 οἶμαι,
1419 1622 1545 1658 βελτιστα,
1565 1620 1616 1649 ἀλλ’
1634 1620 1665 1650 οὗ
1680 1621 1712 1650 τὰ
1729 1621 1858 1660 βραχύτα-

1063 1677 1094 1692 τα
1114 1670 1118 1684 ¹
1139 1662 1198 1692 ουδὲ
1215 1663 1248 1691 τὰ
1265 1662 1332 1701 μήκη
1349 1667 1477 1701 τιμητέον·
1496 1663 1529 1692 τὰ
1547 1662 1572 1692 δ’
1589 1667 1615 1692 ἐν
1632 1667 1687 1696 τοῖς
1704 1664 1749 1693 νῦν
1767 1663 1796 1700 δὴ
1813 1663 1858 1693 νό-

1062 1717 1120 1744 μοις
1142 1709 1264 1745 ῥηθεῖσιν
1286 1704 1317 1734 οὖ
1340 1706 1419 1744 διπλῷ
1437 1704 1541 1745 θάτερα
1562 1706 1614 1735 τῶν
1634 1707 1726 1745 ἑτέρων
1747 1706 1861 1744 διάφορα

1062 1748 1145 1787 μόνον
1166 1748 1202 1779 εἷς
1224 1747 1316 1786 ἀρετὴν
1338 1749 1382 1783 τῆς
1401 1751 1499 1786 χρείας,
1524 1747 1586 1782 ἀλλ’,
1610 1748 1674 1786 ὅπερ
1696 1748 1796 1788 ἐρ’ῥήθη
1818 1749 1862 1778 νῦν

1065 1790 1107 1826 δή,
1126 1791 1156 1819 τὸ
1179 1790 1231 1819 τῶν
1248 1790 1337 1819 διττῶν
1356 1791 1450 1829 ἷατρῶν
1467 1794 1541 1829 γένος
1559 1789 1699 1829 ὀρθότατα
1718 1794 1861 1830 παρετέθη.

1064 1833 1131 1871 πρὸς
1152 1833 1230 1862 τοῦτο
1254 1834 1281 1861 δὲ
1303 1831 1386 1865 οὐδεὶς
1408 1835 1472 1862 ἔοικε
1495 1834 1667 1870 διανοηθῆναι
1688 1833 1795 1863 πώποτε
1812 1834 1863 1863 τῶν

1065 1876 1221 1912 νομοθετῶν
1238 1874 1280 1908 ὦς,
1298 1875 1356 1907 ἐξὸν
1374 1877 1446 1904 δυοῖν
1462 1875 1583 1913 χρῆσθαι
1600 1876 1667 1915 πρὸς
1681 1876 1728 1908 τὰς
1743 1881 1861 1915 νομοθε-

1067 1920 1131 1950 σίας,
1149 1921 1246 1946 πειθοῖ
1262 1918 1304 1946 καὶ
1322 1918 1372 1954 βίᾳ,
1391 1917 1456 1947 καθ’
1473 1918 1539 1947 ὅσον
1557 1916 1613 1947 οἷόν
1627 1931 1655 1947 τε
1670 1919 1712 1947 ἐπὶ
1726 1919 1772 1948 τὸν
1788 1918 1862 1948 α’πει-

1066 1972 1114 1998 ρον
1130 1961 1249 1992 παιδείας
1267 1959 1351 1996 οχλον,
1370 1961 1405 1999 τῷ
1423 1963 1498 1998 ἑτέρῳ
1513 1960 1627 1999 χρῶνται
1642 1960 1735 1999 μόνον
1765 1974 1795 1991 ου
1812 1961 1863 2012 γὰρ

1066 2006 1162 2031 πειθοῖ
1182 2002 1345 2052 κεραννύντες
1368 2010 1372 2024 ¹
1395 2003 1441 2039 τὴν
1463 2002 1551 2045 μιὶχην
1575 2004 1782 2041 νομοθετοῦσιν,
1810 2002 1863 2033 αλλ’

1068 2043 1171 2083 ἀκράτῳ
1188 2044 1271 2082 μόνον
1288 2045 1319 2082 τῇ
1338 2046 1387 2082 βίᾳ
1410 2045 1459 2084 ἐγὼ
1478 2046 1512 2078 δέ,
1531 2046 1550 2073 ὦ
1567 2057 1699 2084 μακαριοι,
1718 2047 1761 2074 καὶ
1779 2049 1865 2085 τρίτον

1068 2089 1104 2115 ε’τι
1120 2088 1180 2125 περὶ
1198 2098 1258 2118 τους
1275 2086 1371 2124 νόμους
1389 2086 1441 2125 0ρῶ
1458 2090 1601 2126 γίγνεσθαι
1619 2089 1688 2122 δέον,
1713 2087 1814 2127 οὗδαμῇ
1832 2089 1865 2118 τὰ

1068 2129 1112 2158 νῦν
1132 2129 1291 2171 γιγνόμενον
1335 2135 1388 2158 KA.
1413 2130 1450 2158 Τὸ
1472 2133 1552 2159 ποῖον
1569 2131 1598 2166 δὴ
1616 2133 1707 2170 λέγεις,-
1751 2137 1808 2160 ΑΘ.
1824 2129 1866 2163 Ἐξ

1069 2170 1154 2200 αυτών
1175 2173 1210 2200 ὠν
1232 2172 1276 2200 νῦν
1297 2174 1461 2211 διειλέγμεθα
1483 2172 1554 2210 ἡμεῖς
1575 2173 1642 2201 κατὰ
1660 2173 1729 2203 θεόν
1746 2186 1802 2202 τινα
1819 2186 1863 2213 γε-

1067 2213 1153 2253 γονός,
1181 2214 1275 2250 σχεδὸν
1294 2214 1346 2253 γὰρ
1368 2218 1395 2246 ἐξ
1413 2214 1480 2243 ὅσου
1497 2227 1556 2253 περι
1573 2216 1624 2244 τῶν
1641 2215 1726 2255 νόμων
1742 2215 1865 2270 η’ργμεθα

1068 2259 1149 2295 λέγειν
1171 2259 1198 2289 ἐξ
1219 2257 1334 2285 ἑωθινοῦ
1354 2258 1500 2295 μεσημβρία
1523 2269 1549 2286 τε
1570 2261 1661 2297 γέγονε
1681 2271 1725 2287 και
1743 2262 1768 2288 ἐν
1785 2271 1866 2296 ταυτῃ

1070 2298 1191 2337 παγκαλη
1214 2297 1351 2336 αναπαύλῃ
1370 2300 1417 2328 τινὶ
1434 2298 1590 2338 γεγόναμεν,
1614 2299 1688 2329 ουδὲν
1707 2299 1759 2329 ἄλλ’
1775 2300 1792 2337 ἢ
1808 2302 1868 2340 περὶ

1070 2341 1155 2378 νόμων
1182 2341 1379 2392 διαλεγόμενοι,
1397 2341 1493 2379 νόμους
1516 2349 1519 2363 ¹
1544 2344 1570 2371 δὲ
1593 2341 1656 2384 α’ρτι
1669 2356 1716 2381 μοι
1729 2343 1868 2396 δοκοῦμεν

1069 2386 1150 2422 λέγειν
1177 2383 1323 2422 α’ρχεσθαι,
1351 2384 1384 2412 τὰ
1411 2383 1435 2412 δ
1462 2386 1616 2423 εμπροσθεν
1641 2386 1671 2421 ἦν
1696 2398 1783 2415 παντα
1808 2385 1868 2424 ἧμιν

1070 2428 1195 2464 προοίμια
1214 2426 1306 2464 νόμων.
1333 2428 1359 2454 τί
1375 2428 1401 2455 δὲ
1419 2426 1489 2455 ταῦτ
1503 2430 1606 2480 εἰρηκας
1629 2427 1688 2457 τόδε
1706 2428 1787 2457 εἰπεῖν
1804 2429 1862 2466 βου-

1071 2470 1168 2504 ληθείς,
1187 2468 1227 2497 ὅτι
1245 2468 1329 2507 λόγων
1346 2481 1451 2497 παντων
1468 2470 1511 2497 καὶ
1529 2469 1600 2498 όσων
1616 2470 1688 2507 φωνὴ
1705 2482 1867 2508 κεκοινωνηκε

1071 2511 1196 2549 προοίμιά
1219 2524 1232 2539 τ
1262 2513 1315 2539 ἐστι
1341 2512 1385 2539 καὶ
1411 2512 1506 2547 σχεδὸν
1532 2511 1588 2541 οἷόν
1613 2524 1678 2545 τινες
1700 2511 1866 2563 ἀνακινήσεις,

1072 2555 1180 2589 ἔχουσαί
1199 2566 1256 2582 τινα
1280 2555 1396 2590 ἔντεχνον
1418 2557 1572 2592 ἐπιχείρησιν
1594 2567 1723 2593 χρησιμον
1748 2556 1814 2594 πρὸς
1838 2555 1866 2584 τὸ

1069 2599 1162 2635 μᾶλον
1187 2598 1370 2634 περαίνεσθαι.
1402 2598 1446 2625 καὶ
1471 2597 1502 2632 δή
1527 2609 1579 2625 που
1605 2598 1780 2635 κιθαρῳδικῆς
1804 2596 1869 2636 ᾠδῆς

1072 2641 1215 2678 λεγομένων
1236 2638 1322 2676 νόμων
1343 2639 1387 2666 καῖ
1407 2638 1496 2675 πιίσης
1516 2638 1630 2674 Μούσης
1651 2642 1776 2678 προοίμια
1794 2643 1866 2669 θαυ-

1055 1031 1138 1060 σθαι,
1161 1027 1196 1065 τῷ
1212 1025 1285 1064 μήκει
1303 1033 1307 1046 ¹
1327 1026 1356 1055 τὸ
1365 1025 1561 1077 fmwdwwv,
1584 1027 1626 1055 διὰ
1648 1027 1677 1056 τὸ
1700 1029 1804 1056 πείθειν
1825 1039 1866 1055 τε
1877 1038 1894 1056 E

1883 1292 1917 1311 722

1070 2682 1179 2719 μαστῶς
1201 2682 1400 2719 ἐσπουδασμένα
1417 2680 1558 2720 πρόκειται.
1586 2682 1637 2710 τῶν
1654 2683 1682 2711 δὲ
1700 2681 1779 2714 ὅπως
1798 2689 1802 2703 ¹
1820 2681 1864 2712 νό-
1876 2689 1910 2731 ΓΕ

1995 2158 1998 2176 -.
1996 2087 1998 2148 α-,ᾂ
1990 1546 1998 2080 --.-..-.-.0-—————qz-
