<?xml version="1.0" encoding="UTF-8"?>
<!DOCTYPE html PUBLIC "-//W3C//DTD XHTML 1.0 Transitional//EN"
    "http://www.w3.org/TR/xhtml1/DTD/xhtml1-transitional.dtd">
<html xmlns="http://www.w3.org/1999/xhtml" xml:lang="en" lang="en">
 <head>
  <title>
</title>
<meta http-equiv="Content-Type" content="text/html;charset=utf-8" />
  <meta name='ocr-system' content='tesseract 3.04.00' />
  <meta name='ocr-capabilities' content='ocr_page ocr_carea ocr_par ocr_line ocrx_word'/>
</head>
<body>
  <div class='ocr_page' id='page_1' title='image "./operaomniaunovol00platuoft_0408.png"; bbox 0 0 1998 3084; ppageno 0'>
   <div class='ocr_carea' id='block_1_1' title="bbox 154 1739 190 1757">
    <p class='ocr_par' dir='ltr' id='par_1_1' title="bbox 154 1739 190 1757">
     <span class='ocr_line' id='line_1_1' title="bbox 154 1739 190 1757; baseline 0 0"><span class='ocrx_word' id='word_1_1' title='bbox 154 1739 190 1757; x_wconf 73' lang='lat'><em>604</em></span> 
     </span>
    </p>
   </div>
   <div class='ocr_carea' id='block_1_2' title="bbox 209 172 256 198">
    <p class='ocr_par' dir='ltr' id='par_1_2' title="bbox 209 172 256 198">
     <span class='ocr_line' id='line_1_2' title="bbox 209 172 256 198; baseline -0.021 0"><span class='ocrx_word' id='word_1_2' title='bbox 209 172 256 198; x_wconf 82' lang='lat'><em>378</em></span> 
     </span>
    </p>
   </div>
   <div class='ocr_carea' id='block_1_3' title="bbox 208 243 1024 2741">
    <p class='ocr_par' dir='ltr' id='par_1_3' title="bbox 208 243 1024 2741">
     <span class='ocr_line' id='line_1_3' title="bbox 208 243 768 286; baseline -0.011 -9"><span class='ocrx_word' id='word_1_3' title='bbox 208 249 314 286; x_wconf 81' lang='grc' dir='ltr'><em>φαυλων</em></span> <span class='ocrx_word' id='word_1_4' title='bbox 336 246 368 274; x_wconf 69' lang='grc' dir='ltr'><em>ἅν</em></span> <span class='ocrx_word' id='word_1_5' title='bbox 390 259 412 274; x_wconf 87' lang='grc' dir='ltr'><em>τι</em></span> <span class='ocrx_word' id='word_1_6' title='bbox 434 249 471 280; x_wconf 81' lang='grc' dir='ltr'><em>εἰη</em></span> <span class='ocrx_word' id='word_1_7' title='bbox 494 249 520 272; x_wconf 70' lang='grc' dir='ltr'><em>ἓν</em></span> <span class='ocrx_word' id='word_1_8' title='bbox 542 244 608 281; x_wconf 79' lang='grc' dir='ltr'><em>ημῖν.</em></span> <span class='ocrx_word' id='word_1_9' title='bbox 651 243 768 282; x_wconf 81' lang='grc' dir='ltr'><em>Λνιιγκη.</em></span> 
     </span>
     <span class='ocr_line' id='line_1_4' title="bbox 210 286 1009 338; baseline -0.006 -19"><span class='ocrx_word' id='word_1_10' title='bbox 210 288 459 328; x_wconf 66' lang='grc' dir='ltr'><em>διομολογησασύαι</em></span> <span class='ocrx_word' id='word_1_11' title='bbox 486 286 641 338; x_wconf 77' lang='grc' dir='ltr'><em>βουλόμενος</em></span> <span class='ocrx_word' id='word_1_12' title='bbox 669 288 768 334; x_wconf 51' lang='grc' dir='ltr'><em>ἔλεγον,</em></span> <span class='ocrx_word' id='word_1_13' title='bbox 797 286 838 313; x_wconf 74' lang='grc' dir='ltr'><em>ὅτι</em></span> <span class='ocrx_word' id='word_1_14' title='bbox 858 286 874 320; x_wconf 81' lang='grc' dir='ltr'>ἡ</span> <span class='ocrx_word' id='word_1_15' title='bbox 895 287 1009 336; x_wconf 81' lang='grc' dir='ltr'><em>γραφικὴ</em></span> 
     </span>
     <span class='ocr_line' id='line_1_5' title="bbox 209 325 1009 367; baseline -0.009 -6"><span class='ocrx_word' id='word_1_16' title='bbox 209 334 253 361; x_wconf 83' lang='grc' dir='ltr'><em>καὶ</em></span> <span class='ocrx_word' id='word_1_17' title='bbox 270 331 335 361; x_wconf 80' lang='grc' dir='ltr'><em>ὅλως</em></span> <span class='ocrx_word' id='word_1_18' title='bbox 352 329 367 365; x_wconf 78' lang='grc' dir='ltr'>ἦ</span> <span class='ocrx_word' id='word_1_19' title='bbox 383 329 502 367; x_wconf 85' lang='grc' dir='ltr'><em>μιμητικὴ</em></span> <span class='ocrx_word' id='word_1_20' title='bbox 519 327 610 366; x_wconf 78' lang='grc' dir='ltr'><em>πόῤῥω</em></span> <span class='ocrx_word' id='word_1_21' title='bbox 627 330 674 365; x_wconf 80' lang='grc' dir='ltr'><em>μὲν</em></span> <span class='ocrx_word' id='word_1_22' title='bbox 691 327 736 363; x_wconf 81' lang='grc' dir='ltr'><em>τῆς</em></span> <span class='ocrx_word' id='word_1_23' title='bbox 751 325 879 363; x_wconf 74' lang='grc' dir='ltr'><em>ἀληθείας</em></span> <span class='ocrx_word' id='word_1_24' title='bbox 894 329 963 356; x_wconf 75' lang='grc' dir='ltr'><em>οὐσα</em></span> <span class='ocrx_word' id='word_1_25' title='bbox 978 329 1009 357; x_wconf 79' lang='grc' dir='ltr'><em>τὸ</em></span> 
     </span>
     <span class='ocr_line' id='line_1_6' title="bbox 211 368 1009 424; baseline -0.006 -22"><span class='ocrx_word' id='word_1_26' title='bbox 211 373 289 424; x_wconf 73' lang='grc' dir='ltr'><em>αὐτῆς</em></span> <span class='ocrx_word' id='word_1_27' title='bbox 315 374 358 410; x_wconf 75' lang='grc' dir='ltr'><em>ἔρ7</em></span> <span class='ocrx_word' id='word_1_28' title='bbox 361 384 391 400; x_wconf 92' lang='grc' dir='ltr'><em>ον</em></span> <span class='ocrx_word' id='word_1_29' title='bbox 418 370 601 409; x_wconf 82' lang='grc' dir='ltr'><em>απεργάζεται,</em></span> <span class='ocrx_word' id='word_1_30' title='bbox 628 369 719 408; x_wconf 78' lang='grc' dir='ltr'><em>πόῤῥω</em></span> <span class='ocrx_word' id='word_1_31' title='bbox 738 368 762 397; x_wconf 72' lang='grc' dir='ltr'><em>δ’</em></span> <span class='ocrx_word' id='word_1_32' title='bbox 784 381 817 397; x_wconf 75' lang='lat' dir='ltr'><em>av</em></span> <span class='ocrx_word' id='word_1_33' title='bbox 834 369 1009 407; x_wconf 62' lang='grc' dir='ltr'><em>φρονήσεως*</em></span> 
     </span>
     <span class='ocr_line' id='line_1_7' title="bbox 209 412 1011 453; baseline -0.006 -9"><span class='ocrx_word' id='word_1_34' title='bbox 209 416 264 445; x_wconf 76' lang='grc' dir='ltr'><em>ὄντι</em></span> <span class='ocrx_word' id='word_1_35' title='bbox 292 415 324 452; x_wconf 70' lang='lat' dir='ltr'><em>nst</em></span> <span class='ocrx_word' id='word_1_36' title='bbox 353 426 378 442; x_wconf 83' lang='grc' dir='ltr'><em>εν</em></span> <span class='ocrx_word' id='word_1_37' title='bbox 404 412 463 451; x_wconf 79' lang='grc' dir='ltr'><em>ἡμῖν</em></span> <span class='ocrx_word' id='word_1_38' title='bbox 488 414 639 450; x_wconf 89' lang='grc' dir='ltr'><em>προςομιλεῖ</em></span> <span class='ocrx_word' id='word_1_39' title='bbox 659 424 686 440; x_wconf 92' lang='grc' dir='ltr'><em>τε</em></span> <span class='ocrx_word' id='word_1_40' title='bbox 708 424 752 439; x_wconf 86' lang='grc' dir='ltr'><em>και</em></span> <span class='ocrx_word' id='word_1_41' title='bbox 773 413 863 449; x_wconf 81' lang='grc' dir='ltr'><em>ἑταίρα</em></span> <span class='ocrx_word' id='word_1_42' title='bbox 885 413 929 440; x_wconf 76' lang='grc' dir='ltr'><em>καὶ</em></span> <span class='ocrx_word' id='word_1_43' title='bbox 950 414 1011 453; x_wconf 84' lang='grc' dir='ltr'><em>φίλη</em></span> 
     </span>
     <span class='ocr_line' id='line_1_8' title="bbox 211 453 1011 494; baseline -0.006 -8"><span class='ocrx_word' id='word_1_44' title='bbox 211 459 280 487; x_wconf 80' lang='grc' dir='ltr'><em>ἐστὶν</em></span> <span class='ocrx_word' id='word_1_45' title='bbox 302 454 340 485; x_wconf 71' lang='grc' dir='ltr'><em>ἐπ’</em></span> <span class='ocrx_word' id='word_1_46' title='bbox 361 454 445 485; x_wconf 78' lang='grc' dir='ltr'><em>ουδενὶ</em></span> <span class='ocrx_word' id='word_1_47' title='bbox 465 454 532 494; x_wconf 77' lang='grc' dir='ltr'><em>ὑγιεῖ</em></span> <span class='ocrx_word' id='word_1_48' title='bbox 554 453 610 483; x_wconf 78' lang='grc' dir='ltr'><em>οὐδ</em></span> <span class='ocrx_word' id='word_1_49' title='bbox 632 453 735 489; x_wconf 78' lang='grc' dir='ltr'><em>ἀληθεῖ.</em></span> <span class='ocrx_word' id='word_1_50' title='bbox 780 453 971 487; x_wconf 85' lang='grc' dir='ltr'><em>Παντάπασιν,</em></span> <span class='ocrx_word' id='word_1_51' title='bbox 996 454 1011 489; x_wconf 81' lang='grc' dir='ltr'><em>ἦ</em></span> 
     </span>
     <span class='ocr_line' id='line_1_9' title="bbox 210 496 1011 546; baseline -0.006 -18"><span class='ocrx_word' id='word_1_52' title='bbox 210 499 234 528; x_wconf 72' lang='grc' dir='ltr'><em>δ’</em></span> <span class='ocrx_word' id='word_1_53' title='bbox 255 499 290 531; x_wconf 79' lang='grc' dir='ltr'><em>ὅς.</em></span> <span class='ocrx_word' id='word_1_54' title='bbox 338 497 426 533; x_wconf 78' lang='grc' dir='ltr'><em>Φαύλη</em></span> <span class='ocrx_word' id='word_1_55' title='bbox 445 496 496 535; x_wconf 69' lang='grc' dir='ltr'><em>ἄρα</em></span> <span class='ocrx_word' id='word_1_56' title='bbox 514 496 605 534; x_wconf 80' lang='grc' dir='ltr'><em>φαύλῳ</em></span> <span class='ocrx_word' id='word_1_57' title='bbox 624 498 807 546; x_wconf 53' lang='grc' dir='ltr'><em>ξιηκγιγνρμένη</em></span> <span class='ocrx_word' id='word_1_58' title='bbox 829 497 917 532; x_wconf 81' lang='grc' dir='ltr'><em>φαῦλα</em></span> <span class='ocrx_word' id='word_1_59' title='bbox 934 496 1011 535; x_wconf 82' lang='grc' dir='ltr'><em>γεννᾷ</em></span> 
     </span>
     <span class='ocr_line' id='line_1_10' title="bbox 209 537 1011 591; baseline -0.006 -21"><span class='ocrx_word' id='word_1_60' title='bbox 209 542 224 578; x_wconf 76' lang='grc' dir='ltr'>ἡ</span> <span class='ocrx_word' id='word_1_61' title='bbox 245 539 371 591; x_wconf 83' lang='grc' dir='ltr'><em>μιμητική.</em></span> <span class='ocrx_word' id='word_1_62' title='bbox 412 539 516 568; x_wconf 80' lang='grc' dir='ltr'><em>Ἔοικεν.</em></span> <span class='ocrx_word' id='word_1_63' title='bbox 559 538 695 588; x_wconf 82' lang='grc' dir='ltr'><em>Πότερον,</em></span> <span class='ocrx_word' id='word_1_64' title='bbox 720 540 750 574; x_wconf 73' lang='grc' dir='ltr'><em>ἡν</em></span> <span class='ocrx_word' id='word_1_65' title='bbox 773 537 796 565; x_wconf 76' lang='grc' dir='ltr'><em>δ’</em></span> <span class='ocrx_word' id='word_1_66' title='bbox 818 537 880 587; x_wconf 82' lang='grc' dir='ltr'><em>ἐγω,</em></span> <span class='ocrx_word' id='word_1_67' title='bbox 906 537 923 574; x_wconf 79' lang='grc' dir='ltr'><em>ἧ</em></span> <span class='ocrx_word' id='word_1_68' title='bbox 944 538 1011 566; x_wconf 78' lang='grc' dir='ltr'><em>κατὰ</em></span> 
     </span>
     <span class='ocr_line' id='line_1_11' title="bbox 210 578 1010 621; baseline -0.006 -9"><span class='ocrx_word' id='word_1_69' title='bbox 210 584 255 620; x_wconf 83' lang='grc' dir='ltr'><em>τὴν</em></span> <span class='ocrx_word' id='word_1_70' title='bbox 273 583 335 621; x_wconf 86' lang='grc' dir='ltr'><em>όψιν</em></span> <span class='ocrx_word' id='word_1_71' title='bbox 350 581 441 620; x_wconf 86' lang='grc' dir='ltr'><em>μόνον,</em></span> <span class='ocrx_word' id='word_1_72' title='bbox 459 581 475 618; x_wconf 87' lang='grc' dir='ltr'><em>ἢ</em></span> <span class='ocrx_word' id='word_1_73' title='bbox 492 583 536 610; x_wconf 77' lang='grc' dir='ltr'><em>καὶ</em></span> <span class='ocrx_word' id='word_1_74' title='bbox 552 580 568 617; x_wconf 82' lang='grc' dir='ltr'>ἦ</span> <span class='ocrx_word' id='word_1_75' title='bbox 586 581 652 609; x_wconf 79' lang='grc' dir='ltr'><em>κατὰ</em></span> <span class='ocrx_word' id='word_1_76' title='bbox 670 581 716 616; x_wconf 84' lang='grc' dir='ltr'><em>τὴν</em></span> <span class='ocrx_word' id='word_1_77' title='bbox 735 578 822 616; x_wconf 82' lang='grc' dir='ltr'><em>άκοήν,</em></span> <span class='ocrx_word' id='word_1_78' title='bbox 841 580 871 616; x_wconf 81' lang='grc' dir='ltr'><em>ἣν</em></span> <span class='ocrx_word' id='word_1_79' title='bbox 889 580 918 615; x_wconf 79' lang='grc' dir='ltr'><em>δὴ</em></span> <span class='ocrx_word' id='word_1_80' title='bbox 933 582 1010 615; x_wconf 86' lang='grc' dir='ltr'><em>ποίη-</em></span> 
     </span>
     <span class='ocr_line' id='line_1_12' title="bbox 211 621 1010 666; baseline -0.005 -12"><span class='ocrx_word' id='word_1_81' title='bbox 211 639 254 656; x_wconf 91' lang='grc' dir='ltr'><em>σιν</em></span> <span class='ocrx_word' id='word_1_82' title='bbox 271 624 443 666; x_wconf 75' lang='grc' dir='ltr'><em>ὀνομάζομενς</em></span> <span class='ocrx_word' id='word_1_83' title='bbox 463 623 540 655; x_wconf 84' lang='grc' dir='ltr'><em>Εἰκός</em></span> <span class='ocrx_word' id='word_1_84' title='bbox 556 621 590 662; x_wconf 70' lang='grc' dir='ltr'><em>γ’,</em></span> <span class='ocrx_word' id='word_1_85' title='bbox 610 624 665 660; x_wconf 76' lang='grc' dir='ltr'><em>ἔφη,</em></span> <span class='ocrx_word' id='word_1_86' title='bbox 684 624 728 651; x_wconf 77' lang='grc' dir='ltr'><em>καὶ</em></span> <span class='ocrx_word' id='word_1_87' title='bbox 745 622 847 658; x_wconf 79' lang='grc' dir='ltr'><em>ταύτην.</em></span> <span class='ocrx_word' id='word_1_88' title='bbox 891 622 941 658; x_wconf 83' lang='grc' dir='ltr'><em>Μὴ</em></span> <span class='ocrx_word' id='word_1_89' title='bbox 955 624 1010 650; x_wconf 82' lang='grc' dir='ltr'><em>τοί-</em></span> 
     </span>
     <span class='ocr_line' id='line_1_13' title="bbox 211 664 1013 706; baseline -0.006 -9"><span class='ocrx_word' id='word_1_90' title='bbox 211 681 267 701; x_wconf 78' lang='grc' dir='ltr'><em>νυν,</em></span> <span class='ocrx_word' id='word_1_91' title='bbox 286 669 317 703; x_wconf 84' lang='grc' dir='ltr'><em>ἠν</em></span> <span class='ocrx_word' id='word_1_92' title='bbox 339 666 362 695; x_wconf 84' lang='grc' dir='ltr'><em>δ’</em></span> <span class='ocrx_word' id='word_1_93' title='bbox 383 665 444 705; x_wconf 75' lang='grc' dir='ltr'><em>ἐγώ,</em></span> <span class='ocrx_word' id='word_1_94' title='bbox 467 667 503 694; x_wconf 85' lang='grc' dir='ltr'><em>τῶ</em></span> <span class='ocrx_word' id='word_1_95' title='bbox 524 664 604 695; x_wconf 80' lang='grc' dir='ltr'><em>εἰκότι</em></span> <span class='ocrx_word' id='word_1_96' title='bbox 625 665 708 706; x_wconf 87' lang='grc' dir='ltr'><em>μόνον</em></span> <span class='ocrx_word' id='word_1_97' title='bbox 725 664 915 703; x_wconf 79' lang='grc' dir='ltr'><em>πιστεύσωμεν</em></span> <span class='ocrx_word' id='word_1_98' title='bbox 925 668 950 692; x_wconf 83' lang='grc' dir='ltr'><em>ἐκ</em></span> <span class='ocrx_word' id='word_1_99' title='bbox 969 664 1013 701; x_wconf 80' lang='grc' dir='ltr'><em>τῆς</em></span> 
     </span>
     <span class='ocr_line' id='line_1_14' title="bbox 210 706 1010 757; baseline -0.005 -19"><span class='ocrx_word' id='word_1_100' title='bbox 210 710 349 750; x_wconf 80' lang='grc' dir='ltr'><em>γραφικῆς,</em></span> <span class='ocrx_word' id='word_1_101' title='bbox 377 708 441 737; x_wconf 75' lang='grc' dir='ltr'><em>ἀλλὰ</em></span> <span class='ocrx_word' id='word_1_102' title='bbox 463 710 506 737; x_wconf 81' lang='grc' dir='ltr'><em>καὶ</em></span> <span class='ocrx_word' id='word_1_103' title='bbox 525 707 562 736; x_wconf 81' lang='grc' dir='ltr'><em>ἐπ</em></span> <span class='ocrx_word' id='word_1_104' title='bbox 583 706 647 736; x_wconf 73' lang='grc' dir='ltr'><em>αὐτὸ</em></span> <span class='ocrx_word' id='word_1_105' title='bbox 671 709 704 736; x_wconf 76' lang='grc' dir='ltr'><em>αὖ</em></span> <span class='ocrx_word' id='word_1_106' title='bbox 727 709 846 757; x_wconf 75' lang='grc' dir='ltr'><em>ἔλθωμεν</em></span> <span class='ocrx_word' id='word_1_107' title='bbox 867 707 912 742; x_wconf 76' lang='grc' dir='ltr'><em>τῆς</em></span> <span class='ocrx_word' id='word_1_108' title='bbox 928 706 934 727; x_wconf 82' lang='lat'><strong>¹</strong></span> <span class='ocrx_word' id='word_1_109' title='bbox 954 708 1010 735; x_wconf 86' lang='grc' dir='ltr'><em>δια-</em></span> 
     </span>
     <span class='ocr_line' id='line_1_15' title="bbox 212 748 1012 789; baseline -0.006 -8"><span class='ocrx_word' id='word_1_110' title='bbox 212 755 284 784; x_wconf 68' lang='grc' dir='ltr'><em>τοίας</em></span> <span class='ocrx_word' id='word_1_111' title='bbox 306 753 396 783; x_wconf 81' lang='grc' dir='ltr'><em>τοῦτο,</em></span> <span class='ocrx_word' id='word_1_112' title='bbox 426 753 445 788; x_wconf 80' lang='grc' dir='ltr'><strong><em>ᾡ</em></strong></span> <span class='ocrx_word' id='word_1_113' title='bbox 466 753 617 789; x_wconf 85' lang='grc' dir='ltr'><em>προςομιλεῖ</em></span> <span class='ocrx_word' id='word_1_114' title='bbox 637 763 653 779; x_wconf 82' lang='lat' dir='ltr'><em>r</em></span> <span class='ocrx_word' id='word_1_115' title='bbox 674 750 718 786; x_wconf 80' lang='grc' dir='ltr'><em>τῆς</em></span> <span class='ocrx_word' id='word_1_116' title='bbox 739 749 869 785; x_wconf 80' lang='grc' dir='ltr'><em>ποιήσεως</em></span> <span class='ocrx_word' id='word_1_117' title='bbox 884 748 1012 787; x_wconf 72' lang='grc' dir='ltr'><em>μιμητική,</em></span> 
     </span>
     <span class='ocr_line' id='line_1_16' title="bbox 413 791 1012 830; baseline -0.005 -9"><span class='ocrx_word' id='word_1_118' title='bbox 413 794 514 830; x_wconf 76' lang='grc' dir='ltr'><em>φαῦλον</em></span> <span class='ocrx_word' id='word_1_119' title='bbox 531 792 546 829; x_wconf 84' lang='grc' dir='ltr'><em>ἢ</em></span> <span class='ocrx_word' id='word_1_120' title='bbox 565 792 712 821; x_wconf 80' lang='grc' dir='ltr'><em>σπουδαῖόν</em></span> <span class='ocrx_word' id='word_1_121' title='bbox 739 796 815 820; x_wconf 81' lang='grc' dir='ltr'><em>ἐστιν.</em></span> <span class='ocrx_word' id='word_1_122' title='bbox 859 792 934 820; x_wconf 58' lang='lat' dir='ltr'><em>Ans»</em></span> <span class='ocrx_word' id='word_1_123' title='bbox 955 791 1012 828; x_wconf 80' lang='grc' dir='ltr'><em>χρή.</em></span> 
     </span>
     <span class='ocr_line' id='line_1_17' title="bbox 210 832 1014 874; baseline -0.006 -7.981"><span class='ocrx_word' id='word_1_124' title='bbox 210 839 269 866; x_wconf 83' lang='grc' dir='ltr'><em>Ὼδε</em></span> <span class='ocrx_word' id='word_1_125' title='bbox 288 837 318 872; x_wconf 85' lang='grc' dir='ltr'><em>δὴ</em></span> <span class='ocrx_word' id='word_1_126' title='bbox 336 836 521 874; x_wconf 80' lang='grc' dir='ltr'><em>προθωμεθα’</em></span> <span class='ocrx_word' id='word_1_127' title='bbox 544 845 720 872; x_wconf 82' lang='grc' dir='ltr'><em>πραττοντας,</em></span> <span class='ocrx_word' id='word_1_128' title='bbox 739 837 832 871; x_wconf 79' lang='grc' dir='ltr'><em>φαμέν,</em></span> <span class='ocrx_word' id='word_1_129' title='bbox 852 832 1014 872; x_wconf 62' lang='grc' dir='ltr'><em>ἀνθρωπίνας</em></span> 
     </span>
     <span class='ocr_line' id='line_1_18' title="bbox 211 875 1014 928; baseline -0.006 -20"><span class='ocrx_word' id='word_1_130' title='bbox 211 883 325 917; x_wconf 79' lang='grc' dir='ltr'><em>μιμεῖται</em></span> <span class='ocrx_word' id='word_1_131' title='bbox 343 878 358 914; x_wconf 82' lang='grc' dir='ltr'>ἡ</span> <span class='ocrx_word' id='word_1_132' title='bbox 374 877 493 928; x_wconf 75' lang='grc' dir='ltr'><em>μιμητικὴ</em></span> <span class='ocrx_word' id='word_1_133' title='bbox 513 877 638 928; x_wconf 82' lang='grc' dir='ltr'><em>βιαίους</em></span> <span class='ocrx_word' id='word_1_134' title='bbox 628 889 643 912; x_wconf 89' lang='grc' dir='ltr'><em>η</em></span> <span class='ocrx_word' id='word_1_135' title='bbox 661 878 781 907; x_wconf 84' lang='grc' dir='ltr'><em>ἑκουσίας</em></span> <span class='ocrx_word' id='word_1_136' title='bbox 799 875 912 914; x_wconf 81' lang='grc' dir='ltr'><em>πράξεις,</em></span> <span class='ocrx_word' id='word_1_137' title='bbox 928 877 972 904; x_wconf 83' lang='grc' dir='ltr'><em>καὶ</em></span> <span class='ocrx_word' id='word_1_138' title='bbox 988 879 1014 903; x_wconf 79' lang='grc' dir='ltr'><em>ἐκ</em></span> 
     </span>
     <span class='ocr_line' id='line_1_19' title="bbox 213 918 1015 971; baseline -0.006 -21"><span class='ocrx_word' id='word_1_139' title='bbox 213 922 260 951; x_wconf 81' lang='grc' dir='ltr'><strong><em>τοῦ</em></strong></span> <span class='ocrx_word' id='word_1_140' title='bbox 278 920 400 959; x_wconf 84' lang='grc' dir='ltr'><em>πράττειν</em></span> <span class='ocrx_word' id='word_1_141' title='bbox 418 933 432 956; x_wconf 95' lang='grc' dir='ltr'><em>η</em></span> <span class='ocrx_word' id='word_1_142' title='bbox 451 932 479 948; x_wconf 91' lang='grc' dir='ltr'><em>ευ</em></span> <span class='ocrx_word' id='word_1_143' title='bbox 498 920 632 970; x_wconf 79' lang='grc' dir='ltr'><em>οἰομενους</em></span> <span class='ocrx_word' id='word_1_144' title='bbox 649 918 665 955; x_wconf 83' lang='grc' dir='ltr'>ἢ</span> <span class='ocrx_word' id='word_1_145' title='bbox 682 919 766 950; x_wconf 77' lang='grc' dir='ltr'><em>κακῶς</em></span> <span class='ocrx_word' id='word_1_146' title='bbox 772 921 952 971; x_wconf 76' lang='grc' dir='ltr'><em>πεπραγέναι,</em></span> <span class='ocrx_word' id='word_1_147' title='bbox 971 930 1015 945; x_wconf 90' lang='grc' dir='ltr'><em>και</em></span> 
     </span>
     <span class='ocr_line' id='line_1_20' title="bbox 214 961 1013 1014; baseline -0.006 -21"><span class='ocrx_word' id='word_1_148' title='bbox 214 968 239 993; x_wconf 82' lang='grc' dir='ltr'><em>ἐν</em></span> <span class='ocrx_word' id='word_1_149' title='bbox 256 964 359 995; x_wconf 74' lang='grc' dir='ltr'><em>τούτοις</em></span> <span class='ocrx_word' id='word_1_150' title='bbox 381 963 410 998; x_wconf 80' lang='grc' dir='ltr'><em>δὴ</em></span> <span class='ocrx_word' id='word_1_151' title='bbox 431 963 513 990; x_wconf 78' lang='grc' dir='ltr'><em>πᾶσιν</em></span> <span class='ocrx_word' id='word_1_152' title='bbox 534 961 549 997; x_wconf 75' lang='grc' dir='ltr'><em>η</em></span> <span class='ocrx_word' id='word_1_153' title='bbox 572 964 746 1003; x_wconf 70' lang='grc' dir='ltr'><em>λυπουμένους</em></span> <span class='ocrx_word' id='word_1_154' title='bbox 764 974 782 1011; x_wconf 74' lang='grc' dir='ltr'><em>η</em></span> <span class='ocrx_word' id='word_1_155' title='bbox 803 963 952 1014; x_wconf 77' lang='grc' dir='ltr'><em>χαίροντας</em></span> <span class='ocrx_word' id='word_1_156' title='bbox 977 972 1013 998; x_wconf 85' lang='grc' dir='ltr'><em>μη</em></span> 
     </span>
     <span class='ocr_line' id='line_1_21' title="bbox 213 1001 1012 1043; baseline -0.005 -8"><span class='ocrx_word' id='word_1_157' title='bbox 213 1020 237 1035; x_wconf 86' lang='grc' dir='ltr'><em>τι</em></span> <span class='ocrx_word' id='word_1_158' title='bbox 255 1005 317 1035; x_wconf 84' lang='grc' dir='ltr'><em>α’λλο</em></span> <span class='ocrx_word' id='word_1_159' title='bbox 336 1005 409 1043; x_wconf 84' lang='grc' dir='ltr'><em>παρὰ</em></span> <span class='ocrx_word' id='word_1_160' title='bbox 427 1005 522 1038; x_wconf 72' lang='grc' dir='ltr'><em>ταῦτας</em></span> <span class='ocrx_word' id='word_1_161' title='bbox 545 1004 629 1033; x_wconf 79' lang='grc' dir='ltr'><em>Οὐδέν.</em></span> <span class='ocrx_word' id='word_1_162' title='bbox 673 1001 722 1041; x_wconf 78' lang='grc' dir='ltr'><em>Ἀρ</em></span> <span class='ocrx_word' id='word_1_163' title='bbox 743 1004 790 1032; x_wconf 81' lang='grc' dir='ltr'><em>οὖν</em></span> <span class='ocrx_word' id='word_1_164' title='bbox 808 1007 833 1031; x_wconf 84' lang='grc' dir='ltr'><em>ἐν</em></span> <span class='ocrx_word' id='word_1_165' title='bbox 849 1003 933 1032; x_wconf 80' lang='grc' dir='ltr'><em>ἅπασι</em></span> <span class='ocrx_word' id='word_1_166' title='bbox 951 1015 1012 1031; x_wconf 89' lang='grc' dir='ltr'><em>του-</em></span> 
     </span>
     <span class='ocr_line' id='line_1_22' title="bbox 213 1044 1013 1099; baseline -0.008 -21"><span class='ocrx_word' id='word_1_167' title='bbox 213 1060 268 1081; x_wconf 91' lang='grc' dir='ltr'><em>τοις</em></span> <span class='ocrx_word' id='word_1_168' title='bbox 285 1048 459 1099; x_wconf 77' lang='grc' dir='ltr'><em>ὁμονοητικῶς</em></span> <span class='ocrx_word' id='word_1_169' title='bbox 482 1046 627 1085; x_wconf 76' lang='grc' dir='ltr'><em>ἅνθρωπος</em></span> <span class='ocrx_word' id='word_1_170' title='bbox 648 1045 784 1079; x_wconf 85' lang='grc' dir='ltr'><em>διάκειται,·</em></span> <span class='ocrx_word' id='word_1_171' title='bbox 808 1052 812 1066; x_wconf 93' lang='lat'><strong>¹</strong></span> <span class='ocrx_word' id='word_1_172' title='bbox 809 1044 846 1091; x_wconf 37' lang='grc' dir='ltr'><em>*ἢ</em></span> <span class='ocrx_word' id='word_1_173' title='bbox 864 1045 946 1098; x_wconf 78' lang='grc' dir='ltr'><em>ὥςπερ</em></span> <span class='ocrx_word' id='word_1_174' title='bbox 964 1057 1013 1073; x_wconf 88' lang='grc' dir='ltr'><em>κα-</em></span> 
     </span>
     <span class='ocr_line' id='line_1_23' title="bbox 213 1086 1015 1128; baseline -0.005 -9"><span class='ocrx_word' id='word_1_175' title='bbox 213 1091 246 1120; x_wconf 84' lang='grc' dir='ltr'><em>τὰ</em></span> <span class='ocrx_word' id='word_1_176' title='bbox 272 1091 317 1126; x_wconf 87' lang='grc' dir='ltr'><em>τὴν</em></span> <span class='ocrx_word' id='word_1_177' title='bbox 344 1090 406 1128; x_wconf 77' lang='grc' dir='ltr'><em>ὄψιν</em></span> <span class='ocrx_word' id='word_1_178' title='bbox 432 1091 567 1122; x_wconf 76' lang='grc' dir='ltr'><em>ἐστασίαζε</em></span> <span class='ocrx_word' id='word_1_179' title='bbox 594 1090 638 1117; x_wconf 80' lang='grc' dir='ltr'><em>καὶ</em></span> <span class='ocrx_word' id='word_1_180' title='bbox 660 1090 776 1120; x_wconf 82' lang='grc' dir='ltr'><em>ἐναντίας</em></span> <span class='ocrx_word' id='word_1_181' title='bbox 796 1086 863 1124; x_wconf 77' lang='grc' dir='ltr'><em>εἶχεν</em></span> <span class='ocrx_word' id='word_1_182' title='bbox 885 1092 911 1116; x_wconf 77' lang='grc' dir='ltr'><em>ἐν</em></span> <span class='ocrx_word' id='word_1_183' title='bbox 932 1088 1015 1124; x_wconf 79' lang='grc' dir='ltr'><em>ἑαυτῷ</em></span> 
     </span>
     <span class='ocr_line' id='line_1_24' title="bbox 214 1130 1015 1171; baseline -0.005 -9"><span class='ocrx_word' id='word_1_184' title='bbox 214 1133 293 1166; x_wconf 84' lang='grc' dir='ltr'><em>δόξας</em></span> <span class='ocrx_word' id='word_1_185' title='bbox 311 1132 364 1171; x_wconf 87' lang='grc' dir='ltr'><em>α’μα</em></span> <span class='ocrx_word' id='word_1_186' title='bbox 383 1133 442 1171; x_wconf 81' lang='grc' dir='ltr'><em>περὶ</em></span> <span class='ocrx_word' id='word_1_187' title='bbox 460 1132 511 1160; x_wconf 84' lang='grc' dir='ltr'><em>τῶν</em></span> <span class='ocrx_word' id='word_1_188' title='bbox 529 1130 620 1164; x_wconf 75' lang='grc' dir='ltr'><em>αὐτῶν,</em></span> <span class='ocrx_word' id='word_1_189' title='bbox 640 1130 708 1160; x_wconf 77' lang='grc' dir='ltr'><em>οὕτω</em></span> <span class='ocrx_word' id='word_1_190' title='bbox 726 1131 770 1159; x_wconf 77' lang='grc' dir='ltr'><em>καὶ</em></span> <span class='ocrx_word' id='word_1_191' title='bbox 788 1134 814 1159; x_wconf 83' lang='grc' dir='ltr'><em>ἐν</em></span> <span class='ocrx_word' id='word_1_192' title='bbox 831 1134 888 1162; x_wconf 86' lang='grc' dir='ltr'><em>ταῖς</em></span> <span class='ocrx_word' id='word_1_193' title='bbox 902 1130 1015 1168; x_wconf 80' lang='grc' dir='ltr'><em>πράξεσι</em></span> 
     </span>
     <span class='ocr_line' id='line_1_25' title="bbox 215 1172 1012 1212; baseline -0.005 -8"><span class='ocrx_word' id='word_1_194' title='bbox 215 1175 348 1208; x_wconf 74' lang='grc' dir='ltr'><em>στασιάζει</em></span> <span class='ocrx_word' id='word_1_195' title='bbox 366 1187 391 1203; x_wconf 84' lang='grc' dir='ltr'><em>τε</em></span> <span class='ocrx_word' id='word_1_196' title='bbox 410 1176 453 1203; x_wconf 82' lang='grc' dir='ltr'><em>καὶ</em></span> <span class='ocrx_word' id='word_1_197' title='bbox 472 1174 584 1212; x_wconf 73' lang='grc' dir='ltr'><em>μοιχεῖαι</em></span> <span class='ocrx_word' id='word_1_198' title='bbox 606 1172 685 1206; x_wconf 86' lang='grc' dir='ltr'><em>αυτὸς</em></span> <span class='ocrx_word' id='word_1_199' title='bbox 707 1172 790 1211; x_wconf 77' lang='grc' dir='ltr'><em>αὖτῷς</em></span> <span class='ocrx_word' id='word_1_200' title='bbox 818 1172 1012 1210; x_wconf 73' lang='grc' dir='ltr'><em>ἀναμιμνήσκο-</em></span> 
     </span>
     <span class='ocr_line' id='line_1_26' title="bbox 212 1214 1012 1257; baseline -0.005 -11"><span class='ocrx_word' id='word_1_201' title='bbox 212 1231 261 1257; x_wconf 86' lang='grc' dir='ltr'><em>μαι</em></span> <span class='ocrx_word' id='word_1_202' title='bbox 279 1219 312 1251; x_wconf 85' lang='grc' dir='ltr'><em>δέ,</em></span> <span class='ocrx_word' id='word_1_203' title='bbox 332 1217 372 1246; x_wconf 79' lang='grc' dir='ltr'><em>ὅτι</em></span> <span class='ocrx_word' id='word_1_204' title='bbox 389 1216 468 1246; x_wconf 80' lang='grc' dir='ltr'><em>τοῦτό</em></span> <span class='ocrx_word' id='word_1_205' title='bbox 490 1229 520 1256; x_wconf 85' lang='grc' dir='ltr'><em>γε</em></span> <span class='ocrx_word' id='word_1_206' title='bbox 542 1216 587 1245; x_wconf 71' lang='grc' dir='ltr'><em>νῦν</em></span> <span class='ocrx_word' id='word_1_207' title='bbox 608 1215 683 1245; x_wconf 84' lang='grc' dir='ltr'><em>ουδὲν</em></span> <span class='ocrx_word' id='word_1_208' title='bbox 706 1217 744 1245; x_wconf 97' lang='grc' dir='ltr'><em>δεῖ</em></span> <span class='ocrx_word' id='word_1_209' title='bbox 764 1214 832 1253; x_wconf 82' lang='grc' dir='ltr'><em>ημᾶς</em></span> <span class='ocrx_word' id='word_1_210' title='bbox 850 1216 1012 1254; x_wconf 75' lang='grc' dir='ltr'><em>διομολογεῖ-</em></span> 
     </span>
     <span class='ocr_line' id='line_1_27' title="bbox 215 1257 1014 1299; baseline -0.005 -10"><span class='ocrx_word' id='word_1_211' title='bbox 215 1265 295 1290; x_wconf 84' lang='grc' dir='ltr'><em>σθαι·</em></span> <span class='ocrx_word' id='word_1_212' title='bbox 324 1263 350 1288; x_wconf 83' lang='grc' dir='ltr'><em>ἐν</em></span> <span class='ocrx_word' id='word_1_213' title='bbox 369 1259 421 1299; x_wconf 79' lang='grc' dir='ltr'><em>γὰρ</em></span> <span class='ocrx_word' id='word_1_214' title='bbox 443 1263 499 1291; x_wconf 85' lang='grc' dir='ltr'><em>τοῖς</em></span> <span class='ocrx_word' id='word_1_215' title='bbox 521 1258 573 1287; x_wconf 72' lang='grc' dir='ltr'><em>ἅνω</em></span> <span class='ocrx_word' id='word_1_216' title='bbox 594 1258 683 1297; x_wconf 86' lang='grc' dir='ltr'><em>λόγοις</em></span> <span class='ocrx_word' id='word_1_217' title='bbox 705 1258 798 1289; x_wconf 85' lang='grc' dir='ltr'><em>ῖκανῶς</em></span> <span class='ocrx_word' id='word_1_218' title='bbox 818 1258 905 1286; x_wconf 84' lang='grc' dir='ltr'><em>πάντα</em></span> <span class='ocrx_word' id='word_1_219' title='bbox 931 1257 1014 1286; x_wconf 76' lang='grc' dir='ltr'><em>ταῦτα</em></span> 
     </span>
     <span class='ocr_line' id='line_1_28' title="bbox 215 1299 1015 1354; baseline -0.006 -22"><span class='ocrx_word' id='word_1_220' title='bbox 215 1302 483 1354; x_wconf 76' lang='grc' dir='ltr'><em>διωμολογησάμεθα,</em></span> <span class='ocrx_word' id='word_1_221' title='bbox 507 1301 547 1330; x_wconf 82' lang='grc' dir='ltr'><em>ὅτι</em></span> <span class='ocrx_word' id='word_1_222' title='bbox 563 1302 660 1352; x_wconf 80' lang='grc' dir='ltr'><em>μυρίων</em></span> <span class='ocrx_word' id='word_1_223' title='bbox 677 1313 802 1330; x_wconf 88' lang='grc' dir='ltr'><em>τοιουτων</em></span> <span class='ocrx_word' id='word_1_224' title='bbox 821 1299 1015 1338; x_wconf 76' lang='grc' dir='ltr'><em>ἐναντιωμάτων</em></span> 
     </span>
     <span class='ocr_line' id='line_1_29' title="bbox 216 1342 1014 1393; baseline -0.004 -20"><span class='ocrx_word' id='word_1_225' title='bbox 216 1345 269 1384; x_wconf 76' lang='grc' dir='ltr'><em>ἅμα</em></span> <span class='ocrx_word' id='word_1_226' title='bbox 296 1347 453 1386; x_wconf 83' lang='grc' dir='ltr'><em>γιγνομένων</em></span> <span class='ocrx_word' id='word_1_227' title='bbox 469 1343 484 1380; x_wconf 84' lang='grc' dir='ltr'>ἡ</span> <span class='ocrx_word' id='word_1_228' title='bbox 503 1343 573 1393; x_wconf 80' lang='grc' dir='ltr'><em>ψυχὴ</em></span> <span class='ocrx_word' id='word_1_229' title='bbox 599 1346 670 1381; x_wconf 97' lang='grc' dir='ltr'><em>γέμει</em></span> <span class='ocrx_word' id='word_1_230' title='bbox 695 1343 773 1392; x_wconf 76' lang='grc' dir='ltr'><em>ἡμῶν.</em></span> <span class='ocrx_word' id='word_1_231' title='bbox 815 1342 931 1381; x_wconf 83' lang='grc' dir='ltr'><em>Ορθῶς,</em></span> <span class='ocrx_word' id='word_1_232' title='bbox 960 1343 1014 1379; x_wconf 70' lang='grc' dir='ltr'><em>ἔφη.</em></span> 
     </span>
     <span class='ocr_line' id='line_1_30' title="bbox 214 1384 1016 1436; baseline -0.005 -18.97"><span class='ocrx_word' id='word_1_233' title='bbox 214 1387 317 1425; x_wconf 85' lang='grc' dir='ltr'><em>Ορθῶς</em></span> <span class='ocrx_word' id='word_1_234' title='bbox 333 1386 393 1436; x_wconf 80' lang='grc' dir='ltr'><em>γάρ,</em></span> <span class='ocrx_word' id='word_1_235' title='bbox 411 1388 442 1422; x_wconf 82' lang='grc' dir='ltr'><em>ἦν</em></span> <span class='ocrx_word' id='word_1_236' title='bbox 459 1385 482 1414; x_wconf 88' lang='grc' dir='ltr'><em>δ</em></span> <span class='ocrx_word' id='word_1_237' title='bbox 504 1385 564 1425; x_wconf 77' lang='grc' dir='ltr'><em>ἐγω</em></span> <span class='ocrx_word' id='word_1_238' title='bbox 585 1384 637 1414; x_wconf 74' lang='grc' dir='ltr'><em>ἄλλ</em></span> <span class='ocrx_word' id='word_1_239' title='bbox 655 1384 671 1414; x_wconf 77' lang='grc' dir='ltr'>ὅ</span> <span class='ocrx_word' id='word_1_240' title='bbox 685 1385 744 1414; x_wconf 88' lang='grc' dir='ltr'><em>τότε</em></span> <span class='ocrx_word' id='word_1_241' title='bbox 764 1384 930 1422; x_wconf 72' lang='grc' dir='ltr'><em>ἀπελίπομεν,</em></span> <span class='ocrx_word' id='word_1_242' title='bbox 951 1391 954 1405; x_wconf 94' lang='lat'><strong>¹</strong></span> <span class='ocrx_word' id='word_1_243' title='bbox 971 1384 1016 1413; x_wconf 71' lang='grc' dir='ltr'><em>νῦν</em></span> 
     </span>
     <span class='ocr_line' id='line_1_31' title="bbox 213 1428 1014 1468; baseline -0.004 -10"><span class='ocrx_word' id='word_1_244' title='bbox 213 1443 259 1468; x_wconf 86' lang='grc' dir='ltr'><em>μοι</em></span> <span class='ocrx_word' id='word_1_245' title='bbox 278 1431 348 1458; x_wconf 88' lang='grc' dir='ltr'><em>δοκεῖ</em></span> <span class='ocrx_word' id='word_1_246' title='bbox 366 1428 509 1468; x_wconf 78' lang='grc' dir='ltr'><em>ἀναγκαῖον</em></span> <span class='ocrx_word' id='word_1_247' title='bbox 526 1440 591 1457; x_wconf 82' lang='grc' dir='ltr'><em>ειναι</em></span> <span class='ocrx_word' id='word_1_248' title='bbox 606 1429 756 1461; x_wconf 78' lang='grc' dir='ltr'><em>διεξελθεῖν.</em></span> <span class='ocrx_word' id='word_1_249' title='bbox 793 1428 830 1457; x_wconf 88' lang='grc' dir='ltr'><em>Τὸ</em></span> <span class='ocrx_word' id='word_1_250' title='bbox 848 1431 941 1461; x_wconf 87' lang='grc' dir='ltr'><em>ποῖον,·</em></span> <span class='ocrx_word' id='word_1_251' title='bbox 960 1428 1014 1464; x_wconf 69' lang='grc' dir='ltr'><em>ἔφη</em></span> 
     </span>
     <span class='ocr_line' id='line_1_32' title="bbox 215 1470 1014 1521; baseline -0.003 -22"><span class='ocrx_word' id='word_1_252' title='bbox 215 1471 297 1510; x_wconf 83' lang='grc' dir='ltr'><em>Λνήρ,</em></span> <span class='ocrx_word' id='word_1_253' title='bbox 325 1473 355 1507; x_wconf 83' lang='grc' dir='ltr'><em>ἠν</em></span> <span class='ocrx_word' id='word_1_254' title='bbox 373 1470 397 1499; x_wconf 74' lang='grc' dir='ltr'><em>δ’</em></span> <span class='ocrx_word' id='word_1_255' title='bbox 418 1470 479 1521; x_wconf 62' lang='grc' dir='ltr'><em>ἐγιό,</em></span> <span class='ocrx_word' id='word_1_256' title='bbox 507 1470 615 1506; x_wconf 83' lang='grc' dir='ltr'><em>ἐπιεικὴς</em></span> <span class='ocrx_word' id='word_1_257' title='bbox 640 1471 741 1503; x_wconf 85' lang='grc' dir='ltr'><em>τοιᾶςδε</em></span> <span class='ocrx_word' id='word_1_258' title='bbox 768 1482 844 1506; x_wconf 83' lang='grc' dir='ltr'><em>τυχης</em></span> <span class='ocrx_word' id='word_1_259' title='bbox 868 1482 1014 1508; x_wconf 87' lang='grc' dir='ltr'><em>μετασχων,</em></span> 
     </span>
     <span class='ocr_line' id='line_1_33' title="bbox 215 1512 1014 1551; baseline -0.005 -8"><span class='ocrx_word' id='word_1_260' title='bbox 215 1514 273 1543; x_wconf 82' lang='grc' dir='ltr'><em>υἱὸν</em></span> <span class='ocrx_word' id='word_1_261' title='bbox 295 1514 428 1545; x_wconf 82' lang='grc' dir='ltr'><em>απολέσας</em></span> <span class='ocrx_word' id='word_1_262' title='bbox 448 1513 464 1548; x_wconf 76' lang='grc' dir='ltr'><em>ἢ</em></span> <span class='ocrx_word' id='word_1_263' title='bbox 486 1526 510 1542; x_wconf 87' lang='grc' dir='ltr'><em>τι</em></span> <span class='ocrx_word' id='word_1_264' title='bbox 533 1512 596 1542; x_wconf 64' lang='grc' dir='ltr'><em>ἄλλο</em></span> <span class='ocrx_word' id='word_1_265' title='bbox 619 1514 654 1542; x_wconf 85' lang='grc' dir='ltr'><em>ὡν</em></span> <span class='ocrx_word' id='word_1_266' title='bbox 675 1514 735 1551; x_wconf 80' lang='grc' dir='ltr'><em>περὶ</em></span> <span class='ocrx_word' id='word_1_267' title='bbox 752 1514 876 1542; x_wconf 86' lang='grc' dir='ltr'><em>πλείστου</em></span> <span class='ocrx_word' id='word_1_268' title='bbox 893 1515 1014 1544; x_wconf 84' lang='grc' dir='ltr'><em>ποιεῖται,</em></span> 
     </span>
     <span class='ocr_line' id='line_1_34' title="bbox 217 1554 1015 1596; baseline -0.005 -10"><span class='ocrx_word' id='word_1_269' title='bbox 217 1560 334 1596; x_wconf 67' lang='grc' dir='ltr'><em>ελέγομέιν</em></span> <span class='ocrx_word' id='word_1_270' title='bbox 359 1569 413 1585; x_wconf 88' lang='grc' dir='ltr'><em>που</em></span> <span class='ocrx_word' id='word_1_271' title='bbox 439 1556 483 1584; x_wconf 80' lang='grc' dir='ltr'><em>καὶ</em></span> <span class='ocrx_word' id='word_1_272' title='bbox 509 1555 568 1584; x_wconf 88' lang='grc' dir='ltr'><em>τότε</em></span> <span class='ocrx_word' id='word_1_273' title='bbox 591 1555 630 1584; x_wconf 80' lang='grc' dir='ltr'><em>ὅτι</em></span> <span class='ocrx_word' id='word_1_274' title='bbox 653 1556 737 1595; x_wconf 70' lang='grc' dir='ltr'><em>ῥᾷστα</em></span> <span class='ocrx_word' id='word_1_275' title='bbox 761 1559 828 1584; x_wconf 59' lang='grc' dir='ltr'><em>οἴσει</em></span> <span class='ocrx_word' id='word_1_276' title='bbox 848 1555 900 1584; x_wconf 76' lang='grc' dir='ltr'><em>τῶν</em></span> <span class='ocrx_word' id='word_1_277' title='bbox 926 1554 1015 1582; x_wconf 70' lang='grc' dir='ltr'><em>ἄλλων.</em></span> 
     </span>
     <span class='ocr_line' id='line_1_35' title="bbox 216 1596 1017 1638; baseline -0.004 -10"><span class='ocrx_word' id='word_1_278' title='bbox 216 1599 294 1628; x_wconf 79' lang='grc' dir='ltr'><em>Πάνυ</em></span> <span class='ocrx_word' id='word_1_279' title='bbox 314 1611 352 1638; x_wconf 89' lang='grc' dir='ltr'><em>γε.</em></span> <span class='ocrx_word' id='word_1_280' title='bbox 398 1599 457 1627; x_wconf 84' lang='grc' dir='ltr'><em>Νὗν</em></span> <span class='ocrx_word' id='word_1_281' title='bbox 479 1599 506 1627; x_wconf 80' lang='grc' dir='ltr'><em>δὲ</em></span> <span class='ocrx_word' id='word_1_282' title='bbox 526 1610 556 1637; x_wconf 82' lang='grc' dir='ltr'><em>γε</em></span> <span class='ocrx_word' id='word_1_283' title='bbox 578 1597 635 1626; x_wconf 71' lang='grc' dir='ltr'><em>τόδ’</em></span> <span class='ocrx_word' id='word_1_284' title='bbox 660 1597 879 1637; x_wconf 77' lang='grc' dir='ltr'><em>ἐπισκεψώμεθα,</em></span> <span class='ocrx_word' id='word_1_285' title='bbox 904 1596 1017 1635; x_wconf 86' lang='grc' dir='ltr'><em>πότερον</em></span> 
     </span>
     <span class='ocr_line' id='line_1_36' title="bbox 218 1639 1018 1678; baseline -0.004 -8"><span class='ocrx_word' id='word_1_286' title='bbox 218 1641 292 1670; x_wconf 75' lang='grc' dir='ltr'><em>οὐδὲν</em></span> <span class='ocrx_word' id='word_1_287' title='bbox 310 1640 463 1677; x_wconf 77' lang='grc' dir='ltr'><em>ἀχθέσεται,</em></span> <span class='ocrx_word' id='word_1_288' title='bbox 482 1639 497 1676; x_wconf 83' lang='grc' dir='ltr'><em>ἢ</em></span> <span class='ocrx_word' id='word_1_289' title='bbox 515 1640 593 1669; x_wconf 71' lang='grc' dir='ltr'><em>τοῦτο</em></span> <span class='ocrx_word' id='word_1_290' title='bbox 611 1643 658 1678; x_wconf 78' lang='grc' dir='ltr'><em>μὲν</em></span> <span class='ocrx_word' id='word_1_291' title='bbox 677 1640 817 1673; x_wconf 76' lang='grc' dir='ltr'><em>ἀδύνατον,</em></span> <span class='ocrx_word' id='word_1_292' title='bbox 838 1639 972 1678; x_wconf 74' lang='grc' dir='ltr'><em>μετριάσει</em></span> <span class='ocrx_word' id='word_1_293' title='bbox 991 1640 1018 1667; x_wconf 81' lang='grc' dir='ltr'><em>δέ</em></span> 
     </span>
     <span class='ocr_line' id='line_1_37' title="bbox 217 1680 1016 1722; baseline -0.004 -10"><span class='ocrx_word' id='word_1_294' title='bbox 217 1695 272 1716; x_wconf 89' lang='grc' dir='ltr'><em>πως</em></span> <span class='ocrx_word' id='word_1_295' title='bbox 288 1684 355 1722; x_wconf 86' lang='grc' dir='ltr'><em>πρὸς</em></span> <span class='ocrx_word' id='word_1_296' title='bbox 372 1683 460 1719; x_wconf 77' lang='grc' dir='ltr'><em>λύπην.</em></span> <span class='ocrx_word' id='word_1_297' title='bbox 507 1682 580 1712; x_wconf 77' lang='grc' dir='ltr'><em>Οὕτω</em></span> <span class='ocrx_word' id='word_1_298' title='bbox 600 1684 712 1720; x_wconf 84' lang='grc' dir='ltr'><em>μᾶλλον,</em></span> <span class='ocrx_word' id='word_1_299' title='bbox 732 1685 791 1721; x_wconf 76' lang='grc' dir='ltr'><em>ἔφη,</em></span> <span class='ocrx_word' id='word_1_300' title='bbox 814 1682 845 1711; x_wconf 89' lang='grc' dir='ltr'><em>τό</em></span> <span class='ocrx_word' id='word_1_301' title='bbox 862 1694 892 1721; x_wconf 88' lang='grc' dir='ltr'><em>γε</em></span> <span class='ocrx_word' id='word_1_302' title='bbox 912 1680 1016 1717; x_wconf 74' lang='grc' dir='ltr'><em>ἀληθὲς.</em></span> 
     </span>
     <span class='ocr_line' id='line_1_38' title="bbox 217 1724 1019 1764; baseline -0.004 -9"><span class='ocrx_word' id='word_1_303' title='bbox 217 1731 230 1745; x_wconf 74' lang='lat'><em>‘⁵</em></span> <span class='ocrx_word' id='word_1_304' title='bbox 257 1727 294 1755; x_wconf 85' lang='grc' dir='ltr'><em>Τὸ</em></span> <span class='ocrx_word' id='word_1_305' title='bbox 318 1727 344 1755; x_wconf 87' lang='grc' dir='ltr'><em>δὲ</em></span> <span class='ocrx_word' id='word_1_306' title='bbox 366 1738 411 1755; x_wconf 76' lang='grc' dir='ltr'><em>νυν</em></span> <span class='ocrx_word' id='word_1_307' title='bbox 431 1738 477 1764; x_wconf 87' lang='grc' dir='ltr'><em>μοι</em></span> <span class='ocrx_word' id='word_1_308' title='bbox 498 1726 558 1763; x_wconf 79' lang='grc' dir='ltr'><em>περὶ</em></span> <span class='ocrx_word' id='word_1_309' title='bbox 581 1724 662 1754; x_wconf 77' lang='grc' dir='ltr'><em>αὐτοῦ</em></span> <span class='ocrx_word' id='word_1_310' title='bbox 687 1726 753 1755; x_wconf 83' lang='grc' dir='ltr'><em>εἶπέ·</em></span> <span class='ocrx_word' id='word_1_311' title='bbox 780 1725 894 1763; x_wconf 84' lang='grc' dir='ltr'><em>πότερον</em></span> <span class='ocrx_word' id='word_1_312' title='bbox 919 1725 1019 1762; x_wconf 77' lang='grc' dir='ltr'><em>μᾶλλον</em></span> 
     </span>
     <span class='ocr_line' id='line_1_39' title="bbox 218 1766 1019 1806; baseline -0.002 -9"><span class='ocrx_word' id='word_1_313' title='bbox 218 1767 298 1797; x_wconf 88' lang='grc' dir='ltr'><em>αυτὸν</em></span> <span class='ocrx_word' id='word_1_314' title='bbox 317 1771 364 1797; x_wconf 75' lang='grc' dir='ltr'><em>οἴει</em></span> <span class='ocrx_word' id='word_1_315' title='bbox 382 1768 413 1806; x_wconf 84' lang='grc' dir='ltr'><em>τῇ</em></span> <span class='ocrx_word' id='word_1_316' title='bbox 432 1767 498 1805; x_wconf 78' lang='grc' dir='ltr'><em>λυπῃ</em></span> <span class='ocrx_word' id='word_1_317' title='bbox 515 1770 666 1805; x_wconf 88' lang='grc' dir='ltr'><em>μαχεῖσθαί</em></span> <span class='ocrx_word' id='word_1_318' title='bbox 684 1780 710 1797; x_wconf 91' lang='grc' dir='ltr'><em>τε</em></span> <span class='ocrx_word' id='word_1_319' title='bbox 727 1781 770 1796; x_wconf 87' lang='grc' dir='ltr'><em>και</em></span> <span class='ocrx_word' id='word_1_320' title='bbox 790 1766 935 1799; x_wconf 86' lang='grc' dir='ltr'><em>αντιτενεῖν,</em></span> <span class='ocrx_word' id='word_1_321' title='bbox 955 1766 1019 1795; x_wconf 79' lang='grc' dir='ltr'><em>ὅταν</em></span> 
     </span>
     <span class='ocr_line' id='line_1_40' title="bbox 218 1808 1015 1861; baseline -0.004 -21"><span class='ocrx_word' id='word_1_322' title='bbox 218 1810 313 1861; x_wconf 79' lang='grc' dir='ltr'><em>ορᾶται</em></span> <span class='ocrx_word' id='word_1_323' title='bbox 329 1810 381 1839; x_wconf 79' lang='grc' dir='ltr'><em>ὑπὸ</em></span> <span class='ocrx_word' id='word_1_324' title='bbox 400 1811 451 1839; x_wconf 79' lang='grc' dir='ltr'><em>τῶν</em></span> <span class='ocrx_word' id='word_1_325' title='bbox 469 1811 578 1848; x_wconf 82' lang='grc' dir='ltr'><em>ὁμοίων,</em></span> <span class='ocrx_word' id='word_1_326' title='bbox 600 1809 615 1846; x_wconf 78' lang='grc' dir='ltr'><strong><em>ἦ</em></strong></span> <span class='ocrx_word' id='word_1_327' title='bbox 638 1810 702 1839; x_wconf 81' lang='grc' dir='ltr'><em>ὅταν</em></span> <span class='ocrx_word' id='word_1_328' title='bbox 720 1814 746 1838; x_wconf 83' lang='grc' dir='ltr'><em>ἐν</em></span> <span class='ocrx_word' id='word_1_329' title='bbox 764 1812 853 1849; x_wconf 78' lang='grc' dir='ltr'><em>ἐρημίᾳ</em></span> <span class='ocrx_word' id='word_1_330' title='bbox 869 1808 951 1847; x_wconf 88' lang='grc' dir='ltr'><em>μόνος</em></span> <span class='ocrx_word' id='word_1_331' title='bbox 970 1821 1015 1837; x_wconf 90' lang='grc' dir='ltr'><em>αυ-</em></span> 
     </span>
     <span class='ocr_line' id='line_1_41' title="bbox 217 1851 1018 1891; baseline -0.002 -9"><span class='ocrx_word' id='word_1_332' title='bbox 217 1854 263 1885; x_wconf 87' lang='grc' dir='ltr'><em>τὸς</em></span> <span class='ocrx_word' id='word_1_333' title='bbox 287 1851 352 1881; x_wconf 87' lang='grc' dir='ltr'><em>καθ</em></span> <span class='ocrx_word' id='word_1_334' title='bbox 377 1852 457 1881; x_wconf 71' lang='grc' dir='ltr'><em>αὑτὸν</em></span> <span class='ocrx_word' id='word_1_335' title='bbox 483 1854 614 1891; x_wconf 87' lang='grc' dir='ltr'><em>γίγνηται;</em></span> <span class='ocrx_word' id='word_1_336' title='bbox 640 1852 717 1881; x_wconf 78' lang='grc' dir='ltr'><em>Πολύ</em></span> <span class='ocrx_word' id='word_1_337' title='bbox 738 1865 803 1886; x_wconf 90' lang='grc' dir='ltr'><em>που,</em></span> <span class='ocrx_word' id='word_1_338' title='bbox 832 1854 891 1889; x_wconf 76' lang='grc' dir='ltr'><em>ἔφη,</em></span> <span class='ocrx_word' id='word_1_339' title='bbox 919 1853 1018 1884; x_wconf 82' lang='grc' dir='ltr'><em>διοίσει,</em></span> 
     </span>
     <span class='ocr_line' id='line_1_42' title="bbox 218 1893 1020 1934; baseline -0.003 -10"><span class='ocrx_word' id='word_1_340' title='bbox 218 1896 283 1924; x_wconf 82' lang='grc' dir='ltr'><em>ὅταν</em></span> <span class='ocrx_word' id='word_1_341' title='bbox 309 1894 410 1933; x_wconf 70' lang='grc' dir='ltr'><em>ὁρᾶται.</em></span> <span class='ocrx_word' id='word_1_342' title='bbox 455 1896 603 1926; x_wconf 82' lang='grc' dir='ltr'><em>Μονωθεις</em></span> <span class='ocrx_word' id='word_1_343' title='bbox 629 1896 656 1924; x_wconf 89' lang='grc' dir='ltr'><em>δέ</em></span> <span class='ocrx_word' id='word_1_344' title='bbox 680 1907 722 1934; x_wconf 88' lang='grc' dir='ltr'><em>γε,</em></span> <span class='ocrx_word' id='word_1_345' title='bbox 751 1893 835 1933; x_wconf 79' lang='grc' dir='ltr'><em>οἶμαι,</em></span> <span class='ocrx_word' id='word_1_346' title='bbox 862 1894 947 1923; x_wconf 85' lang='grc' dir='ltr'><em>πολλὰ</em></span> <span class='ocrx_word' id='word_1_347' title='bbox 972 1897 1020 1932; x_wconf 84' lang='grc' dir='ltr'><em>μὲν</em></span> 
     </span>
     <span class='ocr_line' id='line_1_43' title="bbox 218 1935 1018 1976; baseline -0.003 -10"><span class='ocrx_word' id='word_1_348' title='bbox 218 1937 341 1976; x_wconf 83' lang='grc' dir='ltr'><em>τολμήσει</em></span> <span class='ocrx_word' id='word_1_349' title='bbox 361 1940 553 1976; x_wconf 78' lang='grc' dir='ltr'><em>φθεγξασθαι,</em></span> <span class='ocrx_word' id='word_1_350' title='bbox 574 1950 590 1965; x_wconf 86' lang='grc' dir='ltr'><em>α</em></span> <span class='ocrx_word' id='word_1_351' title='bbox 612 1940 639 1965; x_wconf 74' lang='grc' dir='ltr'><em>εἰ</em></span> <span class='ocrx_word' id='word_1_352' title='bbox 656 1949 694 1969; x_wconf 91' lang='grc' dir='ltr'><em>τις</em></span> <span class='ocrx_word' id='word_1_353' title='bbox 715 1936 797 1966; x_wconf 80' lang='grc' dir='ltr'><em>αυτοῦ</em></span> <span class='ocrx_word' id='word_1_354' title='bbox 815 1936 907 1966; x_wconf 82' lang='grc' dir='ltr'><em>ἇκονοι</em></span> <span class='ocrx_word' id='word_1_355' title='bbox 925 1935 1018 1972; x_wconf 79' lang='grc' dir='ltr'><em>αἰσχύ-</em></span> 
     </span>
     <span class='ocr_line' id='line_1_44' title="bbox 217 1978 1020 2016; baseline -0.002 -7"><span class='ocrx_word' id='word_1_356' title='bbox 217 1979 279 2010; x_wconf 72' lang='grc' dir='ltr'><em>νοιτ’</em></span> <span class='ocrx_word' id='word_1_357' title='bbox 301 1980 344 2013; x_wconf 72' lang='grc' dir='ltr'><em>ἄν,</em></span> <span class='ocrx_word' id='word_1_358' title='bbox 371 1980 456 2009; x_wconf 80' lang='grc' dir='ltr'><em>πολλὰ</em></span> <span class='ocrx_word' id='word_1_359' title='bbox 483 1981 510 2008; x_wconf 83' lang='grc' dir='ltr'><em>δὲ</em></span> <span class='ocrx_word' id='word_1_360' title='bbox 536 1978 652 2016; x_wconf 85' lang='grc' dir='ltr'><em>ποιήσει,</em></span> <span class='ocrx_word' id='word_1_361' title='bbox 681 1979 698 2007; x_wconf 76' lang='grc' dir='ltr'><em>δι’</em></span> <span class='ocrx_word' id='word_1_362' title='bbox 716 1992 763 2009; x_wconf 89' lang='grc' dir='ltr'><em>ουκ</em></span> <span class='ocrx_word' id='word_1_363' title='bbox 786 1992 818 2008; x_wconf 88' lang='grc' dir='ltr'><em>αν</em></span> <span class='ocrx_word' id='word_1_364' title='bbox 840 1978 941 2011; x_wconf 83' lang='grc' dir='ltr'><em>δέξαιτό</em></span> <span class='ocrx_word' id='word_1_365' title='bbox 963 1991 1020 2007; x_wconf 88' lang='grc' dir='ltr'><em>τινα</em></span> 
     </span>
     <span class='ocr_line' id='line_1_45' title="bbox 219 2021 1021 2061; baseline -0.002 -10"><span class='ocrx_word' id='word_1_366' title='bbox 219 2023 282 2051; x_wconf 76' lang='grc' dir='ltr'><em>ἰδεῖν</em></span> <span class='ocrx_word' id='word_1_367' title='bbox 300 2024 408 2061; x_wconf 76' lang='grc' dir='ltr'><em>δρῶντα.</em></span> <span class='ocrx_word' id='word_1_368' title='bbox 455 2022 542 2053; x_wconf 71' lang='grc' dir='ltr'><em>Οὕτως</em></span> <span class='ocrx_word' id='word_1_369' title='bbox 564 2023 621 2058; x_wconf 75' lang='grc' dir='ltr'><em>ἔχει,</em></span> <span class='ocrx_word' id='word_1_370' title='bbox 645 2024 700 2059; x_wconf 77' lang='grc' dir='ltr'><em>ἔφη.</em></span> <span class='ocrx_word' id='word_1_371' title='bbox 745 2029 785 2050; x_wconf 85' lang='lat' dir='ltr'><em>VI.</em></span> <span class='ocrx_word' id='word_1_372' title='bbox 808 2021 909 2051; x_wconf 72' lang='grc' dir='ltr'><em>Οὐκοῦν</em></span> <span class='ocrx_word' id='word_1_373' title='bbox 926 2021 956 2050; x_wconf 83' lang='grc' dir='ltr'><em>τὸ</em></span> <span class='ocrx_word' id='word_1_374' title='bbox 974 2024 1021 2058; x_wconf 87' lang='grc' dir='ltr'><em>μὲν</em></span> 
     </span>
     <span class='ocr_line' id='line_1_46' title="bbox 220 2063 1020 2104; baseline -0.001 -11"><span class='ocrx_word' id='word_1_375' title='bbox 220 2063 366 2093; x_wconf 69' lang='grc' dir='ltr'><em>ἀντιτείνειν</em></span> <span class='ocrx_word' id='word_1_376' title='bbox 384 2063 594 2102; x_wconf 81' lang='grc' dir='ltr'><em>διακελευόμενον</em></span> <span class='ocrx_word' id='word_1_377' title='bbox 611 2064 690 2104; x_wconf 91' lang='grc' dir='ltr'><em>λόγος</em></span> <span class='ocrx_word' id='word_1_378' title='bbox 707 2066 751 2093; x_wconf 82' lang='grc' dir='ltr'><em>καὶ</em></span> <span class='ocrx_word' id='word_1_379' title='bbox 768 2064 848 2102; x_wconf 87' lang='grc' dir='ltr'><em>νόμος</em></span> <span class='ocrx_word' id='word_1_380' title='bbox 867 2066 928 2097; x_wconf 79' lang='grc' dir='ltr'><em>ἐστί,</em></span> <span class='ocrx_word' id='word_1_381' title='bbox 947 2064 977 2093; x_wconf 85' lang='grc' dir='ltr'><em>τὸ</em></span> <span class='ocrx_word' id='word_1_382' title='bbox 994 2065 1020 2092; x_wconf 84' lang='grc' dir='ltr'><em>δὲ</em></span> 
     </span>
     <span class='ocr_line' id='line_1_47' title="bbox 220 2104 1019 2143; baseline -0.001 -8"><span class='ocrx_word' id='word_1_383' title='bbox 220 2108 293 2136; x_wconf 74' lang='grc' dir='ltr'><em>ἕλκον</em></span> <span class='ocrx_word' id='word_1_384' title='bbox 316 2114 319 2128; x_wconf 96' lang='lat'><strong>¹</strong></span> <span class='ocrx_word' id='word_1_385' title='bbox 344 2108 386 2136; x_wconf 77' lang='grc' dir='ltr'><em>ἐπὶ</em></span> <span class='ocrx_word' id='word_1_386' title='bbox 403 2107 450 2138; x_wconf 82' lang='grc' dir='ltr'><em>τὰς</em></span> <span class='ocrx_word' id='word_1_387' title='bbox 467 2107 550 2139; x_wconf 88' lang='grc' dir='ltr'><em>λυπας</em></span> <span class='ocrx_word' id='word_1_388' title='bbox 568 2105 633 2136; x_wconf 86' lang='grc' dir='ltr'><em>αυτὸ</em></span> <span class='ocrx_word' id='word_1_389' title='bbox 651 2107 682 2136; x_wconf 84' lang='grc' dir='ltr'><em>τὸ</em></span> <span class='ocrx_word' id='word_1_390' title='bbox 699 2106 807 2141; x_wconf 77' lang='grc' dir='ltr'><em>πάθοςς</em></span> <span class='ocrx_word' id='word_1_391' title='bbox 829 2106 936 2143; x_wconf 80' lang='grc' dir='ltr'><em>Αληθῆ.</em></span> <span class='ocrx_word' id='word_1_392' title='bbox 978 2104 1019 2134; x_wconf 82' lang='lat' dir='ltr'><em>’E—</em></span> 
     </span>
     <span class='ocr_line' id='line_1_48' title="bbox 220 2148 1022 2201; baseline -0.001 -23"><span class='ocrx_word' id='word_1_393' title='bbox 220 2152 322 2181; x_wconf 77' lang='grc' dir='ltr'><em>ναντίας</em></span> <span class='ocrx_word' id='word_1_394' title='bbox 349 2150 376 2178; x_wconf 84' lang='grc' dir='ltr'><em>δὲ</em></span> <span class='ocrx_word' id='word_1_395' title='bbox 403 2148 506 2188; x_wconf 78' lang='grc' dir='ltr'><em>ἇγωγῆς</em></span> <span class='ocrx_word' id='word_1_396' title='bbox 529 2153 681 2201; x_wconf 77' lang='grc' dir='ltr'><em>γιγνομένης</em></span> <span class='ocrx_word' id='word_1_397' title='bbox 703 2154 729 2178; x_wconf 81' lang='grc' dir='ltr'><em>ἐν</em></span> <span class='ocrx_word' id='word_1_398' title='bbox 750 2162 785 2187; x_wconf 83' lang='grc' dir='ltr'><em>τῳ</em></span> <span class='ocrx_word' id='word_1_399' title='bbox 808 2148 944 2187; x_wconf 76' lang='grc' dir='ltr'><em>ἀνθρώπῳ</em></span> <span class='ocrx_word' id='word_1_400' title='bbox 962 2149 1022 2197; x_wconf 81' lang='grc' dir='ltr'><em>περὶ</em></span> 
     </span>
     <span class='ocr_line' id='line_1_49' title="bbox 219 2190 1022 2244; baseline -0.002 -23"><span class='ocrx_word' id='word_1_401' title='bbox 219 2192 249 2221; x_wconf 84' lang='grc' dir='ltr'><em>τὸ</em></span> <span class='ocrx_word' id='word_1_402' title='bbox 270 2190 333 2221; x_wconf 74' lang='grc' dir='ltr'><em>αὐτὸ</em></span> <span class='ocrx_word' id='word_1_403' title='bbox 354 2191 408 2229; x_wconf 73' lang='grc' dir='ltr'><em>ἅμα</em></span> <span class='ocrx_word' id='word_1_404' title='bbox 426 2192 472 2220; x_wconf 76' lang='grc' dir='ltr'><em>δύο</em></span> <span class='ocrx_word' id='word_1_405' title='bbox 484 2195 576 2244; x_wconf 83' lang='grc' dir='ltr'><em>φαμὲν</em></span> <span class='ocrx_word' id='word_1_406' title='bbox 594 2191 664 2230; x_wconf 79' lang='grc' dir='ltr'><em>αυτῷ</em></span> <span class='ocrx_word' id='word_1_407' title='bbox 682 2191 826 2231; x_wconf 86' lang='grc' dir='ltr'><em>αναγκαῖον</em></span> <span class='ocrx_word' id='word_1_408' title='bbox 844 2196 916 2220; x_wconf 84' lang='grc' dir='ltr'><em>εῖναι.</em></span> <span class='ocrx_word' id='word_1_409' title='bbox 957 2191 1022 2223; x_wconf 81' lang='grc' dir='ltr'><em>Πῶς</em></span> 
     </span>
     <span class='ocr_line' id='line_1_50' title="bbox 220 2233 1019 2273; baseline -0.001 -10"><span class='ocrx_word' id='word_1_410' title='bbox 220 2233 244 2263; x_wconf 72' lang='grc' dir='ltr'><em>δ’</em></span> <span class='ocrx_word' id='word_1_411' title='bbox 265 2234 310 2267; x_wconf 86' lang='grc' dir='ltr'><em>ου’,-</em></span> <span class='ocrx_word' id='word_1_412' title='bbox 340 2233 440 2263; x_wconf 73' lang='grc' dir='ltr'><em>Οὐκοῦν</em></span> <span class='ocrx_word' id='word_1_413' title='bbox 462 2234 492 2263; x_wconf 89' lang='grc' dir='ltr'><em>τὸ</em></span> <span class='ocrx_word' id='word_1_414' title='bbox 513 2237 561 2272; x_wconf 89' lang='grc' dir='ltr'><em>μὲν</em></span> <span class='ocrx_word' id='word_1_415' title='bbox 584 2235 670 2273; x_wconf 72' lang='grc' dir='ltr'><em>ἕτερον</em></span> <span class='ocrx_word' id='word_1_416' title='bbox 692 2235 726 2272; x_wconf 78' lang='grc' dir='ltr'><em>τῷ</em></span> <span class='ocrx_word' id='word_1_417' title='bbox 749 2234 819 2273; x_wconf 75' lang='grc' dir='ltr'><em>νόμω</em></span> <span class='ocrx_word' id='word_1_418' title='bbox 842 2235 945 2272; x_wconf 73' lang='grc' dir='ltr'><em>ἕτοιμον</em></span> <span class='ocrx_word' id='word_1_419' title='bbox 963 2235 1019 2262; x_wconf 85' lang='grc' dir='ltr'><em>πεί-</em></span> 
     </span>
     <span class='ocr_line' id='line_1_51' title="bbox 219 2275 1019 2316; baseline -0.003 -10"><span class='ocrx_word' id='word_1_420' title='bbox 219 2281 336 2310; x_wconf 81' lang='grc' dir='ltr'><em>θεσθαι,</em></span> <span class='ocrx_word' id='word_1_421' title='bbox 355 2279 371 2314; x_wconf 82' lang='grc' dir='ltr'><em>τ’]</em></span> <span class='ocrx_word' id='word_1_422' title='bbox 391 2275 405 2305; x_wconf 83' lang='grc' dir='ltr'><em>ό</em></span> <span class='ocrx_word' id='word_1_423' title='bbox 424 2276 504 2314; x_wconf 89' lang='grc' dir='ltr'><em>νόμος</em></span> <span class='ocrx_word' id='word_1_424' title='bbox 522 2280 661 2316; x_wconf 73' lang='grc' dir='ltr'><em>έξηγεῖταις</em></span> <span class='ocrx_word' id='word_1_425' title='bbox 679 2277 755 2311; x_wconf 84' lang='grc' dir='ltr'><em>ΙΙῶς;</em></span> <span class='ocrx_word' id='word_1_426' title='bbox 775 2280 852 2316; x_wconf 75' lang='grc' dir='ltr'><em>Λέγει</em></span> <span class='ocrx_word' id='word_1_427' title='bbox 869 2289 923 2306; x_wconf 91' lang='grc' dir='ltr'><em>που</em></span> <span class='ocrx_word' id='word_1_428' title='bbox 941 2275 955 2304; x_wconf 85' lang='grc' dir='ltr'>ὁ</span> <span class='ocrx_word' id='word_1_429' title='bbox 974 2275 1019 2304; x_wconf 88' lang='grc' dir='ltr'><em>νό-</em></span> 
     </span>
     <span class='ocr_line' id='line_1_52' title="bbox 218 2318 1023 2358; baseline 0 -11"><span class='ocrx_word' id='word_1_430' title='bbox 218 2330 276 2358; x_wconf 87' lang='grc' dir='ltr'><em>μος,</em></span> <span class='ocrx_word' id='word_1_431' title='bbox 295 2318 336 2348; x_wconf 81' lang='grc' dir='ltr'><em>ὅτι</em></span> <span class='ocrx_word' id='word_1_432' title='bbox 353 2318 515 2347; x_wconf 78' lang='grc' dir='ltr'><em>καλλιστον</em></span> <span class='ocrx_word' id='word_1_433' title='bbox 506 2319 521 2348; x_wconf 94' lang='grc' dir='ltr'><em>ο’</em></span> <span class='ocrx_word' id='word_1_434' title='bbox 536 2332 560 2348; x_wconf 90' lang='grc' dir='ltr'><em>τι</em></span> <span class='ocrx_word' id='word_1_435' title='bbox 576 2319 690 2357; x_wconf 83' lang='grc' dir='ltr'><em>μάλιστα</em></span> <span class='ocrx_word' id='word_1_436' title='bbox 708 2319 817 2356; x_wconf 79' lang='grc' dir='ltr'><em>ἡσυχίαν</em></span> <span class='ocrx_word' id='word_1_437' title='bbox 835 2318 907 2358; x_wconf 88' lang='grc' dir='ltr'><em>α’γειν</em></span> <span class='ocrx_word' id='word_1_438' title='bbox 925 2322 951 2347; x_wconf 81' lang='grc' dir='ltr'><em>ἐν</em></span> <span class='ocrx_word' id='word_1_439' title='bbox 965 2323 1023 2351; x_wconf 84' lang='grc' dir='ltr'><em>ταῖς</em></span> 
     </span>
     <span class='ocr_line' id='line_1_53' title="bbox 221 2360 1023 2400; baseline 0 -10"><span class='ocrx_word' id='word_1_440' title='bbox 221 2364 366 2400; x_wconf 80' lang='grc' dir='ltr'><em>ξυμφοραῖς</em></span> <span class='ocrx_word' id='word_1_441' title='bbox 386 2374 429 2390; x_wconf 89' lang='grc' dir='ltr'><em>και</em></span> <span class='ocrx_word' id='word_1_442' title='bbox 450 2362 484 2399; x_wconf 83' lang='grc' dir='ltr'><em>μη</em></span> <span class='ocrx_word' id='word_1_443' title='bbox 508 2360 670 2400; x_wconf 77' lang='grc' dir='ltr'><em>ἀγανακτεῖν,</em></span> <span class='ocrx_word' id='word_1_444' title='bbox 698 2361 732 2394; x_wconf 79' lang='grc' dir='ltr'><em>ὡς</em></span> <span class='ocrx_word' id='word_1_445' title='bbox 755 2361 814 2391; x_wconf 88' lang='grc' dir='ltr'><em>ου’τε</em></span> <span class='ocrx_word' id='word_1_446' title='bbox 842 2361 920 2397; x_wconf 83' lang='grc' dir='ltr'><em>δήλου</em></span> <span class='ocrx_word' id='word_1_447' title='bbox 946 2360 1023 2393; x_wconf 74' lang='grc' dir='ltr'><em>ὄντος</em></span> 
     </span>
     <span class='ocr_line' id='line_1_54' title="bbox 220 2402 1021 2443; baseline -0.002 -9"><span class='ocrx_word' id='word_1_448' title='bbox 220 2405 267 2434; x_wconf 67' lang='grc' dir='ltr'><em>τοῦ</em></span> <span class='ocrx_word' id='word_1_449' title='bbox 286 2402 397 2443; x_wconf 76' lang='grc' dir='ltr'><em>αγαθοῦ</em></span> <span class='ocrx_word' id='word_1_450' title='bbox 415 2416 442 2432; x_wconf 85' lang='grc' dir='ltr'><em>τε</em></span> <span class='ocrx_word' id='word_1_451' title='bbox 460 2405 502 2432; x_wconf 74' lang='grc' dir='ltr'><em>καὶ</em></span> <span class='ocrx_word' id='word_1_452' title='bbox 520 2417 601 2433; x_wconf 81' lang='grc' dir='ltr'><em>κακου</em></span> <span class='ocrx_word' id='word_1_453' title='bbox 624 2405 675 2434; x_wconf 77' lang='grc' dir='ltr'><em>τῶν</em></span> <span class='ocrx_word' id='word_1_454' title='bbox 696 2417 832 2438; x_wconf 83' lang='grc' dir='ltr'><em>τοιουτων,</em></span> <span class='ocrx_word' id='word_1_455' title='bbox 856 2416 915 2433; x_wconf 84' lang='grc' dir='ltr'><em>ουτε</em></span> <span class='ocrx_word' id='word_1_456' title='bbox 937 2415 974 2436; x_wconf 79' lang='grc' dir='ltr'><em>εις</em></span> <span class='ocrx_word' id='word_1_457' title='bbox 991 2403 1021 2433; x_wconf 90' lang='grc' dir='ltr'><em>τὸ</em></span> 
     </span>
     <span class='ocr_line' id='line_1_55' title="bbox 223 2445 1022 2485; baseline -0.001 -9"><span class='ocrx_word' id='word_1_458' title='bbox 223 2446 349 2485; x_wconf 80' lang='grc' dir='ltr'><em>πρόσθεν</em></span> <span class='ocrx_word' id='word_1_459' title='bbox 370 2445 446 2475; x_wconf 76' lang='grc' dir='ltr'><em>οὐδὲν</em></span> <span class='ocrx_word' id='word_1_460' title='bbox 466 2447 612 2484; x_wconf 83' lang='grc' dir='ltr'><em>προβαινον</em></span> <span class='ocrx_word' id='word_1_461' title='bbox 634 2447 669 2485; x_wconf 77' lang='grc' dir='ltr'><em>τῷ</em></span> <span class='ocrx_word' id='word_1_462' title='bbox 689 2447 809 2483; x_wconf 75' lang='grc' dir='ltr'><em>χαλεπῶς</em></span> <span class='ocrx_word' id='word_1_463' title='bbox 830 2449 943 2485; x_wconf 78' lang='grc' dir='ltr'><em>φέροντι,</em></span> <span class='ocrx_word' id='word_1_464' title='bbox 962 2445 1022 2475; x_wconf 84' lang='grc' dir='ltr'><em>ου’τε</em></span> 
     </span>
     <span class='ocr_line' id='line_1_56' title="bbox 222 2488 1022 2528; baseline 0 -10"><span class='ocrx_word' id='word_1_465' title='bbox 222 2502 247 2518; x_wconf 90' lang='grc' dir='ltr'><em>τι</em></span> <span class='ocrx_word' id='word_1_466' title='bbox 263 2489 314 2518; x_wconf 76' lang='grc' dir='ltr'><em>τῶν</em></span> <span class='ocrx_word' id='word_1_467' title='bbox 332 2488 507 2527; x_wconf 80' lang='grc' dir='ltr'><em>ἀνθρωπίνων</em></span> <span class='ocrx_word' id='word_1_468' title='bbox 526 2496 529 2510; x_wconf 91' lang='lat'><strong>¹</strong></span> <span class='ocrx_word' id='word_1_469' title='bbox 551 2488 624 2521; x_wconf 83' lang='grc' dir='ltr'><em>αξιον</em></span> <span class='ocrx_word' id='word_1_470' title='bbox 642 2502 673 2518; x_wconf 93' lang='grc' dir='ltr'><em>ον</em></span> <span class='ocrx_word' id='word_1_471' title='bbox 689 2489 801 2528; x_wconf 83' lang='grc' dir='ltr'><em>μεγάλης</em></span> <span class='ocrx_word' id='word_1_472' title='bbox 819 2489 972 2524; x_wconf 79' lang='grc' dir='ltr'><em>σπουδῆς,</em></span> <span class='ocrx_word' id='word_1_473' title='bbox 962 2488 978 2518; x_wconf 91' lang='lat'><em>0&#39;</em></span> <span class='ocrx_word' id='word_1_474' title='bbox 994 2501 1022 2518; x_wconf 87' lang='grc' dir='ltr'><em>τε</em></span> 
     </span>
     <span class='ocr_line' id='line_1_57' title="bbox 223 2530 1021 2582; baseline 0 -22"><span class='ocrx_word' id='word_1_475' title='bbox 223 2534 261 2560; x_wconf 82' lang='grc' dir='ltr'><em>δεῖ</em></span> <span class='ocrx_word' id='word_1_476' title='bbox 278 2536 303 2561; x_wconf 82' lang='grc' dir='ltr'><em>ἐν</em></span> <span class='ocrx_word' id='word_1_477' title='bbox 322 2530 411 2564; x_wconf 79' lang='grc' dir='ltr'><em>αὐτοῖς</em></span> <span class='ocrx_word' id='word_1_478' title='bbox 428 2530 444 2561; x_wconf 81' lang='grc' dir='ltr'>ὅ</span> <span class='ocrx_word' id='word_1_479' title='bbox 461 2544 486 2560; x_wconf 85' lang='grc' dir='ltr'><em>τι</em></span> <span class='ocrx_word' id='word_1_480' title='bbox 503 2530 614 2582; x_wconf 80' lang='grc' dir='ltr'><em>τάχιστα</em></span> <span class='ocrx_word' id='word_1_481' title='bbox 632 2534 849 2571; x_wconf 75' lang='grc' dir='ltr'><em>παραγίγνεσθαι</em></span> <span class='ocrx_word' id='word_1_482' title='bbox 865 2530 936 2573; x_wconf 78' lang='grc' dir='ltr'><em>ἡμῖν,</em></span> <span class='ocrx_word' id='word_1_483' title='bbox 960 2531 1021 2560; x_wconf 81' lang='grc' dir='ltr'><em>ταύ-</em></span> 
     </span>
     <span class='ocr_line' id='line_1_58' title="bbox 222 2572 1022 2613; baseline 0 -11"><span class='ocrx_word' id='word_1_484' title='bbox 222 2587 258 2612; x_wconf 80' lang='grc' dir='ltr'><em>τῳ</em></span> <span class='ocrx_word' id='word_1_485' title='bbox 276 2574 396 2613; x_wconf 80' lang='grc' dir='ltr'><em>ἐμποδὼν</em></span> <span class='ocrx_word' id='word_1_486' title='bbox 412 2573 565 2613; x_wconf 84' lang='grc' dir='ltr'><em>γιγνόμενον</em></span> <span class='ocrx_word' id='word_1_487' title='bbox 582 2574 611 2602; x_wconf 85' lang='grc' dir='ltr'><em>τὸ</em></span> <span class='ocrx_word' id='word_1_488' title='bbox 630 2577 784 2603; x_wconf 78' lang='grc' dir='ltr'><em>λυπεῖσθαι.</em></span> <span class='ocrx_word' id='word_1_489' title='bbox 830 2576 891 2607; x_wconf 87' lang='grc' dir='ltr'><em>Τίνι,</em></span> <span class='ocrx_word' id='word_1_490' title='bbox 910 2575 925 2610; x_wconf 82' lang='grc' dir='ltr'>ἠ</span> <span class='ocrx_word' id='word_1_491' title='bbox 944 2572 968 2602; x_wconf 82' lang='grc' dir='ltr'><em>δ’</em></span> <span class='ocrx_word' id='word_1_492' title='bbox 986 2573 1022 2607; x_wconf 85' lang='grc' dir='ltr'><em>ός,</em></span> 
     </span>
     <span class='ocr_line' id='line_1_59' title="bbox 223 2603 1024 2656; baseline 0 -11"><span class='ocrx_word' id='word_1_493' title='bbox 223 2603 314 2655; x_wconf 77' lang='grc' dir='ltr'><em>λέγεις;</em></span> <span class='ocrx_word' id='word_1_494' title='bbox 342 2617 384 2654; x_wconf 81' lang='grc' dir='ltr'><em>Τῷ</em></span> <span class='ocrx_word' id='word_1_495' title='bbox 407 2615 594 2654; x_wconf 83' lang='grc' dir='ltr'><em>βουλευεσθαι,</em></span> <span class='ocrx_word' id='word_1_496' title='bbox 616 2612 647 2652; x_wconf 70' lang='grc' dir='ltr'><em>ἦν</em></span> <span class='ocrx_word' id='word_1_497' title='bbox 665 2615 688 2644; x_wconf 87' lang='grc' dir='ltr'><em>δ</em></span> <span class='ocrx_word' id='word_1_498' title='bbox 709 2616 767 2655; x_wconf 78' lang='grc' dir='ltr'><em>ἐγω,</em></span> <span class='ocrx_word' id='word_1_499' title='bbox 789 2628 849 2654; x_wconf 80' lang='grc' dir='ltr'><em>περι</em></span> <span class='ocrx_word' id='word_1_500' title='bbox 866 2616 896 2645; x_wconf 84' lang='grc' dir='ltr'><em>τὸ</em></span> <span class='ocrx_word' id='word_1_501' title='bbox 915 2616 1024 2656; x_wconf 82' lang='grc' dir='ltr'><em>γεγονὸς</em></span> 
     </span>
     <span class='ocr_line' id='line_1_60' title="bbox 223 2658 1022 2697; baseline -0.001 -9"><span class='ocrx_word' id='word_1_502' title='bbox 223 2660 266 2688; x_wconf 80' lang='grc' dir='ltr'><em>καὶ</em></span> <span class='ocrx_word' id='word_1_503' title='bbox 287 2659 369 2697; x_wconf 80' lang='grc' dir='ltr'><em>ὥςπερ</em></span> <span class='ocrx_word' id='word_1_504' title='bbox 392 2663 418 2688; x_wconf 84' lang='grc' dir='ltr'><em>ἐν</em></span> <span class='ocrx_word' id='word_1_505' title='bbox 438 2658 536 2688; x_wconf 77' lang='grc' dir='ltr'><em>πτώσει</em></span> <span class='ocrx_word' id='word_1_506' title='bbox 558 2658 641 2696; x_wconf 85' lang='grc' dir='ltr'><em>κυβων</em></span> <span class='ocrx_word' id='word_1_507' title='bbox 662 2658 730 2696; x_wconf 84' lang='grc' dir='ltr'><em>πρὸς</em></span> <span class='ocrx_word' id='word_1_508' title='bbox 751 2658 783 2688; x_wconf 79' lang='grc' dir='ltr'><em>τὰ</em></span> <span class='ocrx_word' id='word_1_509' title='bbox 806 2659 962 2688; x_wconf 82' lang='grc' dir='ltr'><em>πεπτωκότα</em></span> <span class='ocrx_word' id='word_1_510' title='bbox 984 2661 1022 2687; x_wconf 91' lang='grc' dir='ltr'><em>τί-</em></span> 
     </span>
     <span class='ocr_line' id='line_1_61' title="bbox 226 2700 1022 2741; baseline -0.001 -10"><span class='ocrx_word' id='word_1_511' title='bbox 226 2706 331 2732; x_wconf 78' lang='grc' dir='ltr'><em>θεσθαι</em></span> <span class='ocrx_word' id='word_1_512' title='bbox 349 2702 382 2730; x_wconf 80' lang='grc' dir='ltr'><em>τὰ</em></span> <span class='ocrx_word' id='word_1_513' title='bbox 401 2701 482 2731; x_wconf 70' lang='grc' dir='ltr'><em>αὑτοῦ</em></span> <span class='ocrx_word' id='word_1_514' title='bbox 500 2700 654 2741; x_wconf 82' lang='grc' dir='ltr'><em>πράγματα,</em></span> <span class='ocrx_word' id='word_1_515' title='bbox 679 2701 731 2739; x_wconf 77' lang='grc' dir='ltr'><em>ὅπῃ</em></span> <span class='ocrx_word' id='word_1_516' title='bbox 750 2700 764 2730; x_wconf 80' lang='grc' dir='ltr'><em>ὃ</em></span> <span class='ocrx_word' id='word_1_517' title='bbox 784 2700 862 2740; x_wconf 76' lang='grc' dir='ltr'><em>λόγος</em></span> <span class='ocrx_word' id='word_1_518' title='bbox 881 2703 949 2740; x_wconf 77' lang='grc' dir='ltr'><em>αἱρεῖ</em></span> <span class='ocrx_word' id='word_1_519' title='bbox 966 2702 1022 2739; x_wconf 77' lang='grc' dir='ltr'><em>βέλ-</em></span> 
     </span>
    </p>
   </div>
   <div class='ocr_carea' id='block_1_4' title="bbox 212 796 386 832">
    <p class='ocr_par' dir='ltr' id='par_1_4' title="bbox 212 796 386 832">
     <span class='ocr_line' id='line_1_62' title="bbox 212 796 386 832; baseline -0.012 -8"><span class='ocrx_word' id='word_1_520' title='bbox 212 808 256 824; x_wconf 81' lang='grc' dir='ltr'><em>και</em></span> <span class='ocrx_word' id='word_1_521' title='bbox 282 796 386 832; x_wconf 75' lang='grc' dir='ltr'><em>ἴδωμεν,</em></span> 
     </span>
    </p>
   </div>
   <div class='ocr_carea' id='block_1_5' title="bbox 1039 273 1045 995">
    <p class='ocr_par' dir='ltr' id='par_1_5' title="bbox 1039 273 1045 995">
     <span class='ocr_line' id='line_1_63' title="bbox 1039 273 1045 995; baseline 0 0"><span class='ocrx_word' id='word_1_522' title='bbox 1039 273 1045 995; x_wconf 95' lang='lat' dir='ltr'><em> </em></span> 
     </span>
    </p>
   </div>
   <div class='ocr_carea' id='block_1_6' title="bbox 1031 281 1038 1005">
    <p class='ocr_par' dir='ltr' id='par_1_6' title="bbox 1031 281 1038 1005">
     <span class='ocr_line' id='line_1_64' title="bbox 1031 281 1038 1005; baseline 0 0"><span class='ocrx_word' id='word_1_523' title='bbox 1031 281 1038 1005; x_wconf 95' lang='lat' dir='ltr'><em> </em></span> 
     </span>
    </p>
   </div>
   <div class='ocr_carea' id='block_1_7' title="bbox 1040 1673 1049 2715">
    <p class='ocr_par' dir='ltr' id='par_1_7' title="bbox 1040 1673 1049 2715">
     <span class='ocr_line' id='line_1_65' title="bbox 1040 1673 1049 2715; baseline 0 0"><span class='ocrx_word' id='word_1_524' title='bbox 1040 1673 1049 2715; x_wconf 95' lang='lat' dir='ltr'><em> </em></span> 
     </span>
    </p>
   </div>
   <div class='ocr_carea' id='block_1_8' title="bbox 1049 1980 1056 2723">
    <p class='ocr_par' dir='ltr' id='par_1_8' title="bbox 1049 1980 1056 2723">
     <span class='ocr_line' id='line_1_66' title="bbox 1049 1980 1056 2723; baseline 0 0"><span class='ocrx_word' id='word_1_525' title='bbox 1049 1980 1056 2723; x_wconf 95' lang='lat' dir='ltr'><em> </em></span> 
     </span>
    </p>
   </div>
   <div class='ocr_carea' id='block_1_9' title="bbox 887 166 1181 193">
    <p class='ocr_par' dir='ltr' id='par_1_9' title="bbox 887 166 1181 193">
     <span class='ocr_line' id='line_1_67' title="bbox 887 166 1181 193; baseline 0.007 -2"><span class='ocrx_word' id='word_1_526' title='bbox 887 166 1181 193; x_wconf 81' lang='lat' dir='ltr'>PLATONIS</span> 
     </span>
    </p>
   </div>
   <div class='ocr_carea' id='block_1_10' title="bbox 814 244 1858 284">
    <p class='ocr_par' dir='ltr' id='par_1_10' title="bbox 814 244 1858 284">
     <span class='ocr_line' id='line_1_68' title="bbox 814 244 1858 284; baseline 0.001 -13"><span class='ocrx_word' id='word_1_527' title='bbox 814 244 900 272; x_wconf 79' lang='grc' dir='ltr'><em>Τοῦτο</em></span> <span class='ocrx_word' id='word_1_528' title='bbox 923 246 1009 273; x_wconf 77' lang='grc' dir='ltr'><em>τοίνυν</em></span> <span class='ocrx_word' id='word_1_529' title='bbox 1031 248 1039 272; x_wconf 65' lang='grc' dir='ltr'><em>’ἲ</em></span> <span class='ocrx_word' id='word_1_530' title='bbox 1060 244 1123 274; x_wconf 52' lang='grc' dir='ltr'><em>τιστ)</em></span> <span class='ocrx_word' id='word_1_531' title='bbox 1154 244 1185 273; x_wconf 73' lang='grc' dir='ltr'><em>ιῗν</em></span> <span class='ocrx_word' id='word_1_532' title='bbox 1212 247 1288 280; x_wconf 69' lang='grc' dir='ltr'><em>ἔχειν,</em></span> <span class='ocrx_word' id='word_1_533' title='bbox 1316 244 1380 274; x_wconf 69' lang='grc' dir='ltr'><em>ἀλλὰ</em></span> <span class='ocrx_word' id='word_1_534' title='bbox 1405 246 1440 284; x_wconf 77' lang='grc' dir='ltr'><em>μὴ</em></span> <span class='ocrx_word' id='word_1_535' title='bbox 1467 247 1705 283; x_wconf 74' lang='grc' dir='ltr'><em>προςπταίσαντας,</em></span> <span class='ocrx_word' id='word_1_536' title='bbox 1732 244 1858 283; x_wconf 80' lang='grc' dir='ltr'><em>καθάπερ</em></span> 
     </span>
    </p>
   </div>
   <div class='ocr_carea' id='block_1_11' title="bbox 1059 287 1913 2653">
    <p class='ocr_par' dir='ltr' id='par_1_11' title="bbox 1059 287 1913 2653">
     <span class='ocr_line' id='line_1_69' title="bbox 1059 287 1857 326; baseline -0.001 -11"><span class='ocrx_word' id='word_1_537' title='bbox 1059 289 1168 319; x_wconf 82' lang='grc' dir='ltr'><em>παῖδας,</em></span> <span class='ocrx_word' id='word_1_538' title='bbox 1192 290 1327 324; x_wconf 77' lang='grc' dir='ltr'><em>ἐχομένους</em></span> <span class='ocrx_word' id='word_1_539' title='bbox 1348 289 1395 317; x_wconf 76' lang='grc' dir='ltr'><em>τοῦ</em></span> <span class='ocrx_word' id='word_1_540' title='bbox 1417 291 1556 326; x_wconf 73' lang='grc' dir='ltr'><em>πληγέντος</em></span> <span class='ocrx_word' id='word_1_541' title='bbox 1575 292 1600 315; x_wconf 80' lang='grc' dir='ltr'><em>ἐν</em></span> <span class='ocrx_word' id='word_1_542' title='bbox 1617 287 1652 324; x_wconf 77' lang='grc' dir='ltr'><em>τῷ</em></span> <span class='ocrx_word' id='word_1_543' title='bbox 1677 287 1742 324; x_wconf 81' lang='grc' dir='ltr'><em>βοᾶν</em></span> <span class='ocrx_word' id='word_1_544' title='bbox 1761 288 1857 325; x_wconf 82' lang='grc' dir='ltr'><em>διατρί-</em></span> 
     </span>
     <span class='ocr_line' id='line_1_70' title="bbox 1063 327 1856 368; baseline -0.001 -10"><span class='ocrx_word' id='word_1_545' title='bbox 1063 331 1122 366; x_wconf 79' lang='grc' dir='ltr'><em>βειν,</em></span> <span class='ocrx_word' id='word_1_546' title='bbox 1142 327 1194 356; x_wconf 80' lang='grc' dir='ltr'><em>αλλ’</em></span> <span class='ocrx_word' id='word_1_547' title='bbox 1216 327 1256 356; x_wconf 82' lang='grc' dir='ltr'><em>άει</em></span> <span class='ocrx_word' id='word_1_548' title='bbox 1278 331 1372 362; x_wconf 74' lang='grc' dir='ltr'><em>ἐθίζειν</em></span> <span class='ocrx_word' id='word_1_549' title='bbox 1393 330 1438 365; x_wconf 82' lang='grc' dir='ltr'><em>τὴν</em></span> <span class='ocrx_word' id='word_1_550' title='bbox 1459 330 1544 368; x_wconf 75' lang='grc' dir='ltr'><em>ψιχὴν</em></span> <span class='ocrx_word' id='word_1_551' title='bbox 1566 329 1582 358; x_wconf 81' lang='grc' dir='ltr'>ὅ</span> <span class='ocrx_word' id='word_1_552' title='bbox 1604 342 1627 357; x_wconf 87' lang='grc' dir='ltr'><em>τι</em></span> <span class='ocrx_word' id='word_1_553' title='bbox 1645 329 1755 364; x_wconf 78' lang='grc' dir='ltr'><em>τάχιστα</em></span> <span class='ocrx_word' id='word_1_554' title='bbox 1772 331 1856 367; x_wconf 87' lang='grc' dir='ltr'><em>γίγνε</em></span> 
     </span>
     <span class='ocr_line' id='line_1_71' title="bbox 1062 370 1902 408; baseline 0 -9"><span class='ocrx_word' id='word_1_555' title='bbox 1062 375 1133 399; x_wconf 89' lang='grc' dir='ltr'><em>σθαι</em></span> <span class='ocrx_word' id='word_1_556' title='bbox 1153 377 1156 391; x_wconf 82' lang='lat'><strong>¹</strong></span> <span class='ocrx_word' id='word_1_557' title='bbox 1175 370 1243 408; x_wconf 85' lang='grc' dir='ltr'><em>πρὸς</em></span> <span class='ocrx_word' id='word_1_558' title='bbox 1260 371 1290 399; x_wconf 89' lang='grc' dir='ltr'><em>τὸ</em></span> <span class='ocrx_word' id='word_1_559' title='bbox 1310 371 1410 400; x_wconf 78' lang='grc' dir='ltr'><em>ἰᾶσθαί</em></span> <span class='ocrx_word' id='word_1_560' title='bbox 1427 384 1453 400; x_wconf 89' lang='grc' dir='ltr'><em>τε</em></span> <span class='ocrx_word' id='word_1_561' title='bbox 1475 385 1517 400; x_wconf 81' lang='grc' dir='ltr'><em>και</em></span> <span class='ocrx_word' id='word_1_562' title='bbox 1540 372 1710 408; x_wconf 69' lang='grc' dir='ltr'><em>ε’·παιορθοῦν</em></span> <span class='ocrx_word' id='word_1_563' title='bbox 1727 371 1756 399; x_wconf 87' lang='grc' dir='ltr'><em>τὸ</em></span> <span class='ocrx_word' id='word_1_564' title='bbox 1775 370 1858 399; x_wconf 81' lang='grc' dir='ltr'><em>πεσόν</em></span> <span class='ocrx_word' id='word_1_565' title='bbox 1886 380 1902 398; x_wconf 83' lang='lat' dir='ltr'>D</span> 
     </span>
     <span class='ocr_line' id='line_1_72' title="bbox 1062 407 1905 452; baseline -0.001 -11"><span class='ocrx_word' id='word_1_566' title='bbox 1062 425 1088 441; x_wconf 82' lang='grc' dir='ltr'><em>τε</em></span> <span class='ocrx_word' id='word_1_567' title='bbox 1107 414 1150 441; x_wconf 80' lang='grc' dir='ltr'><em>καὶ</em></span> <span class='ocrx_word' id='word_1_568' title='bbox 1167 413 1297 450; x_wconf 54' lang='lat' dir='ltr'><em>‘&#39;⁰⁰less</em></span> <span class='ocrx_word' id='word_1_569' title='bbox 1325 413 1425 451; x_wconf 73' lang='grc' dir='ltr'><em>ἰατρικῇ</em></span> <span class='ocrx_word' id='word_1_570' title='bbox 1451 414 1497 449; x_wconf 84' lang='grc' dir='ltr'><em>τὴν</em></span> <span class='ocrx_word' id='word_1_571' title='bbox 1522 415 1671 451; x_wconf 61' lang='grc' dir='ltr'><em>θρηηιιδίαν</em></span> <span class='ocrx_word' id='word_1_572' title='bbox 1694 412 1858 449; x_wconf 68' lang='grc' dir='ltr'><em>αφανίζοντα.</em></span> <span class='ocrx_word' id='word_1_573' title='bbox 1879 407 1905 452; x_wconf 43' lang='grc' dir='ltr'><em>λ</em></span> 
     </span>
     <span class='ocr_line' id='line_1_73' title="bbox 1062 453 1859 493; baseline -0.001 -9.992"><span class='ocrx_word' id='word_1_574' title='bbox 1062 453 1213 492; x_wconf 84' lang='grc' dir='ltr'><em>Ορθότατα</em></span> <span class='ocrx_word' id='word_1_575' title='bbox 1235 454 1300 492; x_wconf 78' lang='grc' dir='ltr'><em>γοῦν</em></span> <span class='ocrx_word' id='word_1_576' title='bbox 1326 454 1358 482; x_wconf 76' lang='grc' dir='ltr'><em>ἄν</em></span> <span class='ocrx_word' id='word_1_577' title='bbox 1384 467 1432 488; x_wconf 90' lang='grc' dir='ltr'><em>τις,</em></span> <span class='ocrx_word' id='word_1_578' title='bbox 1461 457 1516 492; x_wconf 71' lang='grc' dir='ltr'><em>ἔφη,</em></span> <span class='ocrx_word' id='word_1_579' title='bbox 1543 456 1610 493; x_wconf 84' lang='grc' dir='ltr'><em>πρὸς</em></span> <span class='ocrx_word' id='word_1_580' title='bbox 1632 456 1678 487; x_wconf 77' lang='grc' dir='ltr'><em>τὰς</em></span> <span class='ocrx_word' id='word_1_581' title='bbox 1696 466 1774 491; x_wconf 82' lang='grc' dir='ltr'><em>τυχας</em></span> <span class='ocrx_word' id='word_1_582' title='bbox 1792 455 1859 483; x_wconf 81' lang='grc' dir='ltr'><em>οὕτω</em></span> 
     </span>
     <span class='ocr_line' id='line_1_74' title="bbox 1062 495 1860 545; baseline 0 -21"><span class='ocrx_word' id='word_1_583' title='bbox 1062 499 1243 545; x_wconf 78' lang='grc' dir='ltr'><em>προςφέροιτο.</em></span> <span class='ocrx_word' id='word_1_584' title='bbox 1280 495 1386 529; x_wconf 73' lang='grc' dir='ltr'><em>ὓῦκοῦν,</em></span> <span class='ocrx_word' id='word_1_585' title='bbox 1405 500 1496 534; x_wconf 80' lang='grc' dir='ltr'><em>φαμέν,</em></span> <span class='ocrx_word' id='word_1_586' title='bbox 1514 497 1544 526; x_wconf 84' lang='grc' dir='ltr'><em>τὸ</em></span> <span class='ocrx_word' id='word_1_587' title='bbox 1562 500 1609 535; x_wconf 81' lang='grc' dir='ltr'><em>μέν</em></span> <span class='ocrx_word' id='word_1_588' title='bbox 1628 499 1758 534; x_wconf 70' lang='grc' dir='ltr'><em>βέλτιστοι</em></span> <span class='ocrx_word' id='word_1_589' title='bbox 1778 497 1860 533; x_wconf 80' lang='grc' dir='ltr'><em>τούτῳ</em></span> 
     </span>
     <span class='ocr_line' id='line_1_75' title="bbox 1061 538 1861 577; baseline 0 -10"><span class='ocrx_word' id='word_1_590' title='bbox 1061 539 1097 576; x_wconf 76' lang='grc' dir='ltr'><em>τῷ</em></span> <span class='ocrx_word' id='word_1_591' title='bbox 1115 538 1231 577; x_wconf 71' lang='grc' dir='ltr'><em>λογισμῷ</em></span> <span class='ocrx_word' id='word_1_592' title='bbox 1248 541 1333 568; x_wconf 80' lang='grc' dir='ltr'><em>ἐθέλει</em></span> <span class='ocrx_word' id='word_1_593' title='bbox 1351 540 1473 567; x_wconf 78' lang='grc' dir='ltr'><em>ἕπεσθαι.</em></span> <span class='ocrx_word' id='word_1_594' title='bbox 1510 540 1594 575; x_wconf 82' lang='grc' dir='ltr'><em>Δῆλον</em></span> <span class='ocrx_word' id='word_1_595' title='bbox 1612 539 1731 575; x_wconf 82' lang='grc' dir='ltr'><em>δή.Το</em></span> <span class='ocrx_word' id='word_1_596' title='bbox 1751 541 1777 568; x_wconf 85' lang='grc' dir='ltr'><em>δὲ</em></span> <span class='ocrx_word' id='word_1_597' title='bbox 1794 539 1861 577; x_wconf 83' lang='grc' dir='ltr'><em>πρὸς</em></span> 
     </span>
     <span class='ocr_line' id='line_1_76' title="bbox 1062 580 1857 629; baseline 0.001 -20"><span class='ocrx_word' id='word_1_598' title='bbox 1062 582 1109 612; x_wconf 76' lang='grc' dir='ltr'><em>τὰς</em></span> <span class='ocrx_word' id='word_1_599' title='bbox 1128 580 1282 618; x_wconf 66' lang='grc' dir='ltr'><em>ἀναμνήσεις</em></span> <span class='ocrx_word' id='word_1_600' title='bbox 1303 593 1330 609; x_wconf 88' lang='grc' dir='ltr'><em>τε</em></span> <span class='ocrx_word' id='word_1_601' title='bbox 1351 593 1399 609; x_wconf 86' lang='grc' dir='ltr'><em>του</em></span> <span class='ocrx_word' id='word_1_602' title='bbox 1419 580 1529 613; x_wconf 82' lang='grc' dir='ltr'><em>πάθους</em></span> <span class='ocrx_word' id='word_1_603' title='bbox 1550 594 1593 609; x_wconf 83' lang='grc' dir='ltr'><em>και</em></span> <span class='ocrx_word' id='word_1_604' title='bbox 1614 582 1680 623; x_wconf 86' lang='grc' dir='ltr'><em>πρὸς</em></span> <span class='ocrx_word' id='word_1_605' title='bbox 1703 593 1762 629; x_wconf 82' lang='grc' dir='ltr'><em>τους</em></span> <span class='ocrx_word' id='word_1_606' title='bbox 1781 580 1857 618; x_wconf 61' lang='grc' dir='ltr'><em>ὀδυρ&lt;</em></span> 
     </span>
     <span class='ocr_line' id='line_1_77' title="bbox 1062 622 1852 662; baseline 0.001 -12"><span class='ocrx_word' id='word_1_607' title='bbox 1062 623 1128 661; x_wconf 74' lang='grc' dir='ltr'><em>μους</em></span> <span class='ocrx_word' id='word_1_608' title='bbox 1146 623 1212 661; x_wconf 71' lang='grc' dir='ltr'><em>ιῗγον</em></span> <span class='ocrx_word' id='word_1_609' title='bbox 1229 635 1273 650; x_wconf 88' lang='grc' dir='ltr'><em>και</em></span> <span class='ocrx_word' id='word_1_610' title='bbox 1295 622 1432 657; x_wconf 79' lang='grc' dir='ltr'><em>ἆπληστως</em></span> <span class='ocrx_word' id='word_1_611' title='bbox 1454 624 1512 658; x_wconf 84' lang='grc' dir='ltr'><em>έχον</em></span> <span class='ocrx_word' id='word_1_612' title='bbox 1535 622 1617 651; x_wconf 80' lang='grc' dir='ltr'><em>αὐτῶν</em></span> <span class='ocrx_word' id='word_1_613' title='bbox 1640 623 1678 661; x_wconf 79' lang='grc' dir='ltr'><em>ἀρ’</em></span> <span class='ocrx_word' id='word_1_614' title='bbox 1700 624 1746 653; x_wconf 81' lang='grc' dir='ltr'><em>ουκ</em></span> <span class='ocrx_word' id='word_1_615' title='bbox 1769 622 1852 662; x_wconf 82' lang='grc' dir='ltr'><em>ἆλόγι</em></span> 
     </span>
     <span class='ocr_line' id='line_1_78' title="bbox 1065 664 1860 718; baseline -0.001 -24"><span class='ocrx_word' id='word_1_616' title='bbox 1065 665 1129 694; x_wconf 88' lang='grc' dir='ltr'><em>στόν</em></span> <span class='ocrx_word' id='word_1_617' title='bbox 1150 677 1177 693; x_wconf 84' lang='grc' dir='ltr'><em>τε</em></span> <span class='ocrx_word' id='word_1_618' title='bbox 1199 664 1318 706; x_wconf 78' lang='grc' dir='ltr'><em>φήσομεν</em></span> <span class='ocrx_word' id='word_1_619' title='bbox 1339 669 1404 693; x_wconf 76' lang='grc' dir='ltr'><em>εἶναι</em></span> <span class='ocrx_word' id='word_1_620' title='bbox 1430 678 1473 693; x_wconf 85' lang='grc' dir='ltr'><em>και</em></span> <span class='ocrx_word' id='word_1_621' title='bbox 1496 664 1577 714; x_wconf 80' lang='grc' dir='ltr'><em>ἀργὸν</em></span> <span class='ocrx_word' id='word_1_622' title='bbox 1599 667 1642 693; x_wconf 85' lang='grc' dir='ltr'><em>καὶ</em></span> <span class='ocrx_word' id='word_1_623' title='bbox 1664 667 1756 697; x_wconf 81' lang='grc' dir='ltr'><em>δειλίας</em></span> <span class='ocrx_word' id='word_1_624' title='bbox 1773 668 1860 718; x_wconf 83' lang='grc' dir='ltr'><em>φίλον;</em></span> 
     </span>
     <span class='ocr_line' id='line_1_79' title="bbox 1068 706 1862 761; baseline -0.003 -24"><span class='ocrx_word' id='word_1_625' title='bbox 1068 707 1189 761; x_wconf 61' lang='grc' dir='ltr'><em>Φησομεν</em></span> <span class='ocrx_word' id='word_1_626' title='bbox 1213 710 1260 745; x_wconf 86' lang='grc' dir='ltr'><em>μὲν</em></span> <span class='ocrx_word' id='word_1_627' title='bbox 1287 708 1339 735; x_wconf 82' lang='grc' dir='ltr'><em>οὐν</em></span> <span class='ocrx_word' id='word_1_628' title='bbox 1386 706 1486 735; x_wconf 71' lang='grc' dir='ltr'><em>Οὐκοῦν</em></span> <span class='ocrx_word' id='word_1_629' title='bbox 1511 708 1542 735; x_wconf 87' lang='grc' dir='ltr'><em>τὸ</em></span> <span class='ocrx_word' id='word_1_630' title='bbox 1567 710 1614 744; x_wconf 82' lang='grc' dir='ltr'><em>μὲν</em></span> <span class='ocrx_word' id='word_1_631' title='bbox 1639 709 1736 744; x_wconf 80' lang='grc' dir='ltr'><em>πολλὴν</em></span> <span class='ocrx_word' id='word_1_632' title='bbox 1756 710 1862 756; x_wconf 83' lang='grc' dir='ltr'><em>μίμησιν</em></span> 
     </span>
     <span class='ocr_line' id='line_1_80' title="bbox 1064 748 1863 788; baseline 0 -10"><span class='ocrx_word' id='word_1_633' title='bbox 1064 751 1108 778; x_wconf 81' lang='grc' dir='ltr'><em>καὶ</em></span> <span class='ocrx_word' id='word_1_634' title='bbox 1124 752 1241 785; x_wconf 82' lang='grc' dir='ltr'><em>ποικίλην</em></span> <span class='ocrx_word' id='word_1_635' title='bbox 1260 755 1263 769; x_wconf 88' lang='lat'><strong>¹</strong></span> <span class='ocrx_word' id='word_1_636' title='bbox 1282 750 1339 784; x_wconf 70' lang='grc' dir='ltr'><em>ἔχει,</em></span> <span class='ocrx_word' id='word_1_637' title='bbox 1358 749 1388 777; x_wconf 87' lang='grc' dir='ltr'><em>τὸ</em></span> <span class='ocrx_word' id='word_1_638' title='bbox 1408 748 1621 788; x_wconf 76' lang='grc' dir='ltr'><em>ἀγανακτητικόν·</em></span> <span class='ocrx_word' id='word_1_639' title='bbox 1641 750 1671 778; x_wconf 87' lang='grc' dir='ltr'><em>τὸ</em></span> <span class='ocrx_word' id='word_1_640' title='bbox 1691 752 1717 778; x_wconf 86' lang='grc' dir='ltr'><em>δὲ</em></span> <span class='ocrx_word' id='word_1_641' title='bbox 1735 749 1863 788; x_wconf 62' lang='grc' dir='ltr'><em>φρόνιμόν</em></span> 
     </span>
     <span class='ocr_line' id='line_1_81' title="bbox 1064 787 1861 841; baseline -0.001 -21"><span class='ocrx_word' id='word_1_642' title='bbox 1064 805 1090 821; x_wconf 81' lang='grc' dir='ltr'><em>τε</em></span> <span class='ocrx_word' id='word_1_643' title='bbox 1109 805 1153 820; x_wconf 86' lang='grc' dir='ltr'><em>και</em></span> <span class='ocrx_word' id='word_1_644' title='bbox 1170 792 1277 828; x_wconf 80' lang='grc' dir='ltr'><em>ἡσυχιον</em></span> <span class='ocrx_word' id='word_1_645' title='bbox 1293 787 1365 827; x_wconf 76' lang='grc' dir='ltr'><em>ἦθος</em></span> <span class='ocrx_word' id='word_1_646' title='bbox 1381 791 1566 841; x_wconf 81' lang='grc' dir='ltr'><em>παραπλήσιον</em></span> <span class='ocrx_word' id='word_1_647' title='bbox 1584 790 1613 820; x_wconf 82' lang='grc' dir='ltr'><em>ὄν</em></span> <span class='ocrx_word' id='word_1_648' title='bbox 1636 790 1676 820; x_wconf 78' lang='grc' dir='ltr'><em>ἀεὶ</em></span> <span class='ocrx_word' id='word_1_649' title='bbox 1698 791 1761 821; x_wconf 86' lang='grc' dir='ltr'><em>αυτὸ</em></span> <span class='ocrx_word' id='word_1_650' title='bbox 1785 792 1861 829; x_wconf 71' lang='grc' dir='ltr'><em>αἰτῷ,</em></span> 
     </span>
     <span class='ocr_line' id='line_1_82' title="bbox 1065 833 1861 873; baseline -0.003 -10"><span class='ocrx_word' id='word_1_651' title='bbox 1065 834 1123 863; x_wconf 84' lang='grc' dir='ltr'><em>ου’τε</em></span> <span class='ocrx_word' id='word_1_652' title='bbox 1143 833 1232 873; x_wconf 72' lang='grc' dir='ltr'><em>ρᾴδιον</em></span> <span class='ocrx_word' id='word_1_653' title='bbox 1247 833 1421 872; x_wconf 80' lang='grc' dir='ltr'><em>μιμήσασθαι</em></span> <span class='ocrx_word' id='word_1_654' title='bbox 1440 833 1498 862; x_wconf 73' lang='grc' dir='ltr'><em>οὔτε</em></span> <span class='ocrx_word' id='word_1_655' title='bbox 1515 833 1673 871; x_wconf 82' lang='grc' dir='ltr'><em>μιμούμενον</em></span> <span class='ocrx_word' id='word_1_656' title='bbox 1693 834 1797 865; x_wconf 77' lang='grc' dir='ltr'><em>εὐπετὲς</em></span> <span class='ocrx_word' id='word_1_657' title='bbox 1814 847 1861 862; x_wconf 83' lang='grc' dir='ltr'><em>κα-</em></span> 
     </span>
     <span class='ocr_line' id='line_1_83' title="bbox 1064 875 1864 915; baseline -0.003 -9"><span class='ocrx_word' id='word_1_658' title='bbox 1064 881 1209 915; x_wconf 87' lang='grc' dir='ltr'><em>ταμαθεῖν,</em></span> <span class='ocrx_word' id='word_1_659' title='bbox 1234 875 1314 908; x_wconf 77' lang='grc' dir='ltr'><em>ἄλλως</em></span> <span class='ocrx_word' id='word_1_660' title='bbox 1336 888 1362 904; x_wconf 85' lang='grc' dir='ltr'><em>τε</em></span> <span class='ocrx_word' id='word_1_661' title='bbox 1384 877 1426 904; x_wconf 84' lang='grc' dir='ltr'><em>καῖ</em></span> <span class='ocrx_word' id='word_1_662' title='bbox 1449 875 1590 914; x_wconf 77' lang='grc' dir='ltr'><em>πανηγύρει</em></span> <span class='ocrx_word' id='word_1_663' title='bbox 1615 878 1659 905; x_wconf 81' lang='grc' dir='ltr'><em>καὶ</em></span> <span class='ocrx_word' id='word_1_664' title='bbox 1684 878 1864 908; x_wconf 83' lang='grc' dir='ltr'><em>παντοδαποῖς</em></span> 
     </span>
     <span class='ocr_line' id='line_1_84' title="bbox 1067 917 1863 957; baseline -0.001 -9"><span class='ocrx_word' id='word_1_665' title='bbox 1067 918 1222 957; x_wconf 80' lang='grc' dir='ltr'><em>ἇνθρωποις</em></span> <span class='ocrx_word' id='word_1_666' title='bbox 1243 919 1279 950; x_wconf 82' lang='grc' dir='ltr'><em>εἷς</em></span> <span class='ocrx_word' id='word_1_667' title='bbox 1300 921 1404 956; x_wconf 82' lang='grc' dir='ltr'><em>θέατρα</em></span> <span class='ocrx_word' id='word_1_668' title='bbox 1427 921 1625 957; x_wconf 81' lang='grc' dir='ltr'><em>ξυλλεγομένοι-ς.</em></span> <span class='ocrx_word' id='word_1_669' title='bbox 1654 917 1789 956; x_wconf 86' lang='grc' dir='ltr'><em>αλλοτρίου</em></span> <span class='ocrx_word' id='word_1_670' title='bbox 1811 918 1863 957; x_wconf 82' lang='grc' dir='ltr'><em>γάρ</em></span> 
     </span>
     <span class='ocr_line' id='line_1_85' title="bbox 1065 959 1865 1010; baseline -0.003 -19"><span class='ocrx_word' id='word_1_671' title='bbox 1065 975 1118 991; x_wconf 91' lang='grc' dir='ltr'><em>που</em></span> <span class='ocrx_word' id='word_1_672' title='bbox 1135 961 1245 993; x_wconf 81' lang='grc' dir='ltr'><em>πάθους</em></span> <span class='ocrx_word' id='word_1_673' title='bbox 1261 959 1277 997; x_wconf 80' lang='grc' dir='ltr'><strong><em>ἦ</em></strong></span> <span class='ocrx_word' id='word_1_674' title='bbox 1293 962 1399 999; x_wconf 88' lang='grc' dir='ltr'><em>μίμησις</em></span> <span class='ocrx_word' id='word_1_675' title='bbox 1417 959 1505 992; x_wconf 87' lang='grc' dir='ltr'><em>αυτοῖς</em></span> <span class='ocrx_word' id='word_1_676' title='bbox 1522 962 1643 1010; x_wconf 84' lang='grc' dir='ltr'><em>γίγνεται.</em></span> <span class='ocrx_word' id='word_1_677' title='bbox 1666 965 1679 979; x_wconf 73' lang='grc'>*</span> <span class='ocrx_word' id='word_1_678' title='bbox 1702 960 1865 989; x_wconf 85' lang='grc' dir='ltr'><em>Παντάπασι</em></span> 
     </span>
     <span class='ocr_line' id='line_1_86' title="bbox 1064 1002 1865 1043; baseline -0.002 -10"><span class='ocrx_word' id='word_1_679' title='bbox 1064 1007 1111 1043; x_wconf 83' lang='grc' dir='ltr'><em>μὲν</em></span> <span class='ocrx_word' id='word_1_680' title='bbox 1129 1016 1182 1033; x_wconf 89' lang='grc' dir='ltr'><em>ουν.</em></span> <span class='ocrx_word' id='word_1_681' title='bbox 1224 1002 1253 1032; x_wconf 91' lang='lat' dir='ltr'><strong><em>O</em></strong></span> <span class='ocrx_word' id='word_1_682' title='bbox 1271 1003 1300 1039; x_wconf 79' lang='grc' dir='ltr'><em>δὴ</em></span> <span class='ocrx_word' id='word_1_683' title='bbox 1316 1003 1451 1041; x_wconf 85' lang='grc' dir='ltr'><em>μιμητικὸς</em></span> <span class='ocrx_word' id='word_1_684' title='bbox 1467 1004 1575 1039; x_wconf 84' lang='grc' dir='ltr'><em>ποιητὴς</em></span> <span class='ocrx_word' id='word_1_685' title='bbox 1597 1003 1701 1039; x_wconf 80' lang='grc' dir='ltr'><em>δῆλον</em></span> <span class='ocrx_word' id='word_1_686' title='bbox 1691 1003 1732 1032; x_wconf 87' lang='grc' dir='ltr'><em>ότι</em></span> <span class='ocrx_word' id='word_1_687' title='bbox 1750 1015 1781 1032; x_wconf 92' lang='grc' dir='ltr'><em>ου</em></span> <span class='ocrx_word' id='word_1_688' title='bbox 1798 1003 1865 1041; x_wconf 89' lang='grc' dir='ltr'><em>πρὸς</em></span> 
     </span>
     <span class='ocr_line' id='line_1_87' title="bbox 1065 1044 1865 1084; baseline -0.003 -8"><span class='ocrx_word' id='word_1_689' title='bbox 1065 1047 1095 1076; x_wconf 85' lang='grc' dir='ltr'><em>τὸ</em></span> <span class='ocrx_word' id='word_1_690' title='bbox 1114 1046 1236 1075; x_wconf 75' lang='grc' dir='ltr'><em>τοιοῦτον</em></span> <span class='ocrx_word' id='word_1_691' title='bbox 1253 1046 1297 1082; x_wconf 87' lang='grc' dir='ltr'><em>τῆς</em></span> <span class='ocrx_word' id='word_1_692' title='bbox 1313 1046 1397 1084; x_wconf 76' lang='grc' dir='ltr'><em>ψυχῆς</em></span> <span class='ocrx_word' id='word_1_693' title='bbox 1414 1048 1510 1082; x_wconf 80' lang='grc' dir='ltr'><em>πέφυκέ</em></span> <span class='ocrx_word' id='word_1_694' title='bbox 1526 1057 1564 1084; x_wconf 84' lang='grc' dir='ltr'><em>γε,</em></span> <span class='ocrx_word' id='word_1_695' title='bbox 1589 1058 1633 1074; x_wconf 91' lang='grc' dir='ltr'><em>και</em></span> <span class='ocrx_word' id='word_1_696' title='bbox 1649 1045 1665 1082; x_wconf 78' lang='grc' dir='ltr'>ἡ</span> <span class='ocrx_word' id='word_1_697' title='bbox 1683 1047 1765 1082; x_wconf 87' lang='grc' dir='ltr'><em>σοφία</em></span> <span class='ocrx_word' id='word_1_698' title='bbox 1785 1044 1865 1074; x_wconf 71' lang='grc' dir='ltr'><em>αὐτοῦ</em></span> 
     </span>
     <span class='ocr_line' id='line_1_88' title="bbox 1065 1086 1866 1127; baseline -0.002 -10"><span class='ocrx_word' id='word_1_699' title='bbox 1065 1089 1148 1126; x_wconf 77' lang='grc' dir='ltr'><em>τούτῳ</em></span> <span class='ocrx_word' id='word_1_700' title='bbox 1168 1087 1284 1127; x_wconf 69' lang='grc' dir='ltr'><em>ἀρέσκειν</em></span> <span class='ocrx_word' id='word_1_701' title='bbox 1301 1091 1422 1127; x_wconf 77' lang='grc' dir='ltr'><em>πέπηγεν,</em></span> <span class='ocrx_word' id='word_1_702' title='bbox 1441 1088 1464 1116; x_wconf 82' lang='grc' dir='ltr'><em>εἶ</em></span> <span class='ocrx_word' id='word_1_703' title='bbox 1479 1090 1563 1125; x_wconf 86' lang='grc' dir='ltr'><em>με’λλει</em></span> <span class='ocrx_word' id='word_1_704' title='bbox 1579 1086 1756 1126; x_wconf 76' lang='grc' dir='ltr'><em>εὐδοκιμήσειν</em></span> <span class='ocrx_word' id='word_1_705' title='bbox 1771 1091 1797 1116; x_wconf 80' lang='grc' dir='ltr'><em>ἐν</em></span> <span class='ocrx_word' id='word_1_706' title='bbox 1811 1091 1866 1119; x_wconf 87' lang='grc' dir='ltr'><em>τοῖς</em></span> 
     </span>
     <span class='ocr_line' id='line_1_89' title="bbox 1065 1129 1866 1169; baseline -0.002 -9"><span class='ocrx_word' id='word_1_707' title='bbox 1065 1134 1180 1164; x_wconf 78' lang='grc' dir='ltr'><em>πολλοῖς,</em></span> <span class='ocrx_word' id='word_1_708' title='bbox 1200 1129 1265 1159; x_wconf 76' lang='grc' dir='ltr'><em>ἀλλὰ</em></span> <span class='ocrx_word' id='word_1_709' title='bbox 1282 1130 1349 1168; x_wconf 87' lang='grc' dir='ltr'><em>πρὸς</em></span> <span class='ocrx_word' id='word_1_710' title='bbox 1366 1131 1396 1159; x_wconf 84' lang='grc' dir='ltr'><em>τὸ</em></span> <span class='ocrx_word' id='word_1_711' title='bbox 1416 1129 1620 1169; x_wconf 77' lang='grc' dir='ltr'><em>ἀγανακτητικόν</em></span> <span class='ocrx_word' id='word_1_712' title='bbox 1642 1143 1668 1159; x_wconf 85' lang='grc' dir='ltr'><em>τε</em></span> <span class='ocrx_word' id='word_1_713' title='bbox 1687 1132 1731 1159; x_wconf 81' lang='grc' dir='ltr'><em>καὶ</em></span> <span class='ocrx_word' id='word_1_714' title='bbox 1747 1131 1866 1159; x_wconf 81' lang='grc' dir='ltr'><em>ποικίλον</em></span> 
     </span>
     <span class='ocr_line' id='line_1_90' title="bbox 1064 1170 1863 1210; baseline -0.004 -7"><span class='ocrx_word' id='word_1_715' title='bbox 1064 1170 1136 1210; x_wconf 73' lang='grc' dir='ltr'><em>ἦθος</em></span> <span class='ocrx_word' id='word_1_716' title='bbox 1154 1173 1196 1201; x_wconf 81' lang='grc' dir='ltr'><em>διὰ</em></span> <span class='ocrx_word' id='word_1_717' title='bbox 1214 1173 1244 1201; x_wconf 87' lang='grc' dir='ltr'><em>τὸ</em></span> <span class='ocrx_word' id='word_1_718' title='bbox 1263 1172 1401 1210; x_wconf 77' lang='grc' dir='ltr'><em>εὐμίμητον</em></span> <span class='ocrx_word' id='word_1_719' title='bbox 1418 1171 1490 1201; x_wconf 75' lang='grc' dir='ltr'><em>εἶναι.</em></span> <span class='ocrx_word' id='word_1_720' title='bbox 1535 1173 1628 1208; x_wconf 77' lang='grc' dir='ltr'><em>Δῆλον.</em></span> <span class='ocrx_word' id='word_1_721' title='bbox 1666 1171 1765 1202; x_wconf 74' lang='grc' dir='ltr'><em>Οὐκοῦν</em></span> <span class='ocrx_word' id='word_1_722' title='bbox 1783 1173 1863 1201; x_wconf 85' lang='grc' dir='ltr'><em>δικαί-</em></span> 
     </span>
     <span class='ocr_line' id='line_1_91' title="bbox 1066 1213 1864 1253; baseline -0.004 -8"><span class='ocrx_word' id='word_1_723' title='bbox 1066 1228 1100 1248; x_wconf 92' lang='grc' dir='ltr'><em>ως</em></span> <span class='ocrx_word' id='word_1_724' title='bbox 1118 1216 1149 1244; x_wconf 68' lang='lat' dir='ltr'><em>civ</em></span> <span class='ocrx_word' id='word_1_725' title='bbox 1168 1214 1250 1244; x_wconf 76' lang='grc' dir='ltr'><em>αὐτοῦ</em></span> <span class='ocrx_word' id='word_1_726' title='bbox 1274 1215 1319 1251; x_wconf 78' lang='grc' dir='ltr'><em>ἤδη</em></span> <span class='ocrx_word' id='word_1_727' title='bbox 1343 1216 1598 1253; x_wconf 78' lang='grc' dir='ltr'><em>ἐπιλαμβανοίμεθα,</em></span> <span class='ocrx_word' id='word_1_728' title='bbox 1621 1216 1665 1244; x_wconf 81' lang='grc' dir='ltr'><em>καὶ</em></span> <span class='ocrx_word' id='word_1_729' title='bbox 1682 1219 1800 1253; x_wconf 78' lang='grc' dir='ltr'><em>τιθεῖμεν</em></span> <span class='ocrx_word' id='word_1_730' title='bbox 1818 1213 1864 1242; x_wconf 84' lang='grc' dir='ltr'><em>άν-</em></span> 
     </span>
     <span class='ocr_line' id='line_1_92' title="bbox 1066 1256 1866 1297; baseline -0.003 -10"><span class='ocrx_word' id='word_1_731' title='bbox 1066 1261 1209 1297; x_wconf 86' lang='grc' dir='ltr'><em>τίστροφον</em></span> <span class='ocrx_word' id='word_1_732' title='bbox 1236 1256 1316 1286; x_wconf 86' lang='grc' dir='ltr'><em>αυτὸν</em></span> <span class='ocrx_word' id='word_1_733' title='bbox 1341 1259 1376 1295; x_wconf 75' lang='grc' dir='ltr'><em>τῷ</em></span> <span class='ocrx_word' id='word_1_734' title='bbox 1403 1256 1538 1296; x_wconf 80' lang='grc' dir='ltr'><em>ζωγράφῳ·</em></span> <span class='ocrx_word' id='word_1_735' title='bbox 1571 1258 1614 1286; x_wconf 82' lang='grc' dir='ltr'><em>καὶ</em></span> <span class='ocrx_word' id='word_1_736' title='bbox 1638 1257 1690 1296; x_wconf 83' lang='grc' dir='ltr'><em>γὰρ</em></span> <span class='ocrx_word' id='word_1_737' title='bbox 1717 1258 1752 1295; x_wconf 76' lang='grc' dir='ltr'><em>τῷ</em></span> <span class='ocrx_word' id='word_1_738' title='bbox 1778 1257 1866 1294; x_wconf 88' lang='grc' dir='ltr'><em>φαυλα</em></span> 
     </span>
     <span class='ocr_line' id='line_1_93' title="bbox 1065 1299 1864 1339; baseline -0.003 -8.941"><span class='ocrx_word' id='word_1_739' title='bbox 1065 1305 1151 1330; x_wconf 84' lang='grc' dir='ltr'><em>ποιεῖν</em></span> <span class='ocrx_word' id='word_1_740' title='bbox 1167 1300 1235 1339; x_wconf 83' lang='grc' dir='ltr'><em>πρὸς</em></span> <span class='ocrx_word' id='word_1_741' title='bbox 1257 1299 1387 1335; x_wconf 73' lang='grc' dir='ltr'><em>ἀληθειαν</em></span> <span class='ocrx_word' id='word_1_742' title='bbox 1407 1301 1487 1328; x_wconf 77' lang='grc' dir='ltr'><em>ἔοικεν</em></span> <span class='ocrx_word' id='word_1_743' title='bbox 1510 1312 1591 1338; x_wconf 83' lang='grc' dir='ltr'><em>αυτω,</em></span> <span class='ocrx_word' id='word_1_744' title='bbox 1614 1301 1657 1328; x_wconf 81' lang='grc' dir='ltr'><em>καὶ</em></span> <span class='ocrx_word' id='word_1_745' title='bbox 1673 1300 1710 1338; x_wconf 82' lang='grc' dir='ltr'><em>τῶ</em></span> <span class='ocrx_word' id='word_1_746' title='bbox 1726 1299 1794 1337; x_wconf 87' lang='grc' dir='ltr'><em>πρὸς</em></span> <span class='ocrx_word' id='word_1_747' title='bbox 1812 1300 1864 1328; x_wconf 75' lang='grc' dir='ltr'><em>ἕτε-</em></span> 
     </span>
     <span class='ocr_line' id='line_1_94' title="bbox 1066 1341 1865 1382; baseline -0.004 -9"><span class='ocrx_word' id='word_1_748' title='bbox 1066 1357 1114 1382; x_wconf 88' lang='grc' dir='ltr'><em>ρον</em></span> <span class='ocrx_word' id='word_1_749' title='bbox 1135 1343 1257 1372; x_wconf 77' lang='grc' dir='ltr'><em>τοιοῦτον</em></span> <span class='ocrx_word' id='word_1_750' title='bbox 1278 1341 1375 1381; x_wconf 77' lang='grc' dir='ltr'><em>ὁμιλεῖν</em></span> <span class='ocrx_word' id='word_1_751' title='bbox 1396 1342 1440 1378; x_wconf 77' lang='grc' dir='ltr'><em>τῆς</em></span> <span class='ocrx_word' id='word_1_752' title='bbox 1463 1349 1466 1363; x_wconf 98' lang='lat'><strong>¹</strong></span> <span class='ocrx_word' id='word_1_753' title='bbox 1490 1342 1585 1380; x_wconf 74' lang='grc' dir='ltr'><em>Ψυχῆς,</em></span> <span class='ocrx_word' id='word_1_754' title='bbox 1609 1341 1673 1370; x_wconf 82' lang='grc' dir='ltr'><em>αλλὰ</em></span> <span class='ocrx_word' id='word_1_755' title='bbox 1695 1341 1729 1380; x_wconf 84' lang='grc' dir='ltr'><em>μὴ</em></span> <span class='ocrx_word' id='word_1_756' title='bbox 1751 1341 1818 1380; x_wconf 88' lang='grc' dir='ltr'><em>πρὸς</em></span> <span class='ocrx_word' id='word_1_757' title='bbox 1835 1341 1865 1371; x_wconf 84' lang='grc' dir='ltr'><em>τὸ</em></span> 
     </span>
     <span class='ocr_line' id='line_1_95' title="bbox 1068 1383 1868 1424; baseline -0.004 -9"><span class='ocrx_word' id='word_1_758' title='bbox 1068 1388 1210 1424; x_wconf 84' lang='grc' dir='ltr'><em>βέλτιστον,</em></span> <span class='ocrx_word' id='word_1_759' title='bbox 1234 1386 1278 1413; x_wconf 80' lang='grc' dir='ltr'><em>καὶ</em></span> <span class='ocrx_word' id='word_1_760' title='bbox 1300 1384 1381 1422; x_wconf 84' lang='grc' dir='ltr'><em>ταύτῃ</em></span> <span class='ocrx_word' id='word_1_761' title='bbox 1403 1384 1540 1424; x_wconf 78' lang='grc' dir='ltr'><em>ὡμοίωται.</em></span> <span class='ocrx_word' id='word_1_762' title='bbox 1567 1386 1612 1413; x_wconf 81' lang='grc' dir='ltr'><em>καὶ</em></span> <span class='ocrx_word' id='word_1_763' title='bbox 1629 1384 1710 1416; x_wconf 72' lang='grc' dir='ltr'><em>οὕτως</em></span> <span class='ocrx_word' id='word_1_764' title='bbox 1726 1383 1774 1420; x_wconf 76' lang='grc' dir='ltr'><em>ἤδη</em></span> <span class='ocrx_word' id='word_1_765' title='bbox 1792 1383 1824 1412; x_wconf 75' lang='grc' dir='ltr'><em>ἂν</em></span> <span class='ocrx_word' id='word_1_766' title='bbox 1842 1387 1868 1412; x_wconf 86' lang='grc' dir='ltr'><em>ἐν</em></span> 
     </span>
     <span class='ocr_line' id='line_1_96' title="bbox 1068 1422 1895 1466; baseline -0.004 -9"><span class='ocrx_word' id='word_1_767' title='bbox 1068 1431 1124 1466; x_wconf 84' lang='grc' dir='ltr'><em>δίκῃ</em></span> <span class='ocrx_word' id='word_1_768' title='bbox 1151 1427 1182 1457; x_wconf 77' lang='grc' dir='ltr'><em>οὗ</em></span> <span class='ocrx_word' id='word_1_769' title='bbox 1208 1429 1428 1465; x_wconf 77' lang='grc' dir='ltr'><em>παραδεχοίμεθα</em></span> <span class='ocrx_word' id='word_1_770' title='bbox 1454 1427 1491 1458; x_wconf 80' lang='grc' dir='ltr'><em>εἷς</em></span> <span class='ocrx_word' id='word_1_771' title='bbox 1519 1430 1665 1465; x_wconf 83' lang='grc' dir='ltr'><em>μέλλουσαν</em></span> <span class='ocrx_word' id='word_1_772' title='bbox 1695 1425 1868 1464; x_wconf 77' lang='grc' dir='ltr'><em>εὐνομεῖσθαι</em></span> <span class='ocrx_word' id='word_1_773' title='bbox 1893 1422 1895 1426; x_wconf 47' lang='lat'><em>⁴</em></span> 
     </span>
     <span class='ocr_line' id='line_1_97' title="bbox 1066 1469 1869 1508; baseline -0.004 -8"><span class='ocrx_word' id='word_1_774' title='bbox 1066 1470 1154 1504; x_wconf 82' lang='grc' dir='ltr'><em>πόλιν,</em></span> <span class='ocrx_word' id='word_1_775' title='bbox 1182 1470 1223 1499; x_wconf 82' lang='grc' dir='ltr'><em>ὅτι</em></span> <span class='ocrx_word' id='word_1_776' title='bbox 1248 1471 1327 1499; x_wconf 77' lang='grc' dir='ltr'><em>τοῦτο</em></span> <span class='ocrx_word' id='word_1_777' title='bbox 1356 1471 1445 1508; x_wconf 83' lang='grc' dir='ltr'><em>ἐγείρει</em></span> <span class='ocrx_word' id='word_1_778' title='bbox 1472 1469 1517 1506; x_wconf 80' lang='grc' dir='ltr'><em>τῆς</em></span> <span class='ocrx_word' id='word_1_779' title='bbox 1542 1470 1627 1507; x_wconf 83' lang='grc' dir='ltr'><em>ψυχῆς</em></span> <span class='ocrx_word' id='word_1_780' title='bbox 1652 1470 1696 1498; x_wconf 79' lang='grc' dir='ltr'><em>καὶ</em></span> <span class='ocrx_word' id='word_1_781' title='bbox 1717 1472 1804 1507; x_wconf 85' lang='grc' dir='ltr'><em>τρέφει</em></span> <span class='ocrx_word' id='word_1_782' title='bbox 1824 1470 1869 1497; x_wconf 78' lang='grc' dir='ltr'><em>καὶ</em></span> 
     </span>
     <span class='ocr_line' id='line_1_98' title="bbox 1068 1510 1866 1551; baseline -0.004 -8"><span class='ocrx_word' id='word_1_783' title='bbox 1068 1513 1176 1551; x_wconf 73' lang='grc' dir='ltr'><em>ἰσχυρὸν</em></span> <span class='ocrx_word' id='word_1_784' title='bbox 1192 1512 1276 1542; x_wconf 84' lang='grc' dir='ltr'><em>ποιῶν</em></span> <span class='ocrx_word' id='word_1_785' title='bbox 1294 1511 1422 1541; x_wconf 73' lang='grc' dir='ltr'><em>ἀπόλλυσι</em></span> <span class='ocrx_word' id='word_1_786' title='bbox 1443 1511 1473 1540; x_wconf 83' lang='grc' dir='ltr'><em>τὸ</em></span> <span class='ocrx_word' id='word_1_787' title='bbox 1496 1511 1651 1551; x_wconf 84' lang='grc' dir='ltr'><em>λογιστικόν,</em></span> <span class='ocrx_word' id='word_1_788' title='bbox 1670 1511 1754 1549; x_wconf 74' lang='grc' dir='ltr'><em>ὥςπερ</em></span> <span class='ocrx_word' id='word_1_789' title='bbox 1772 1515 1798 1540; x_wconf 82' lang='grc' dir='ltr'><em>ἐν</em></span> <span class='ocrx_word' id='word_1_790' title='bbox 1814 1510 1866 1540; x_wconf 84' lang='grc' dir='ltr'><em>πό-</em></span> 
     </span>
     <span class='ocr_line' id='line_1_99' title="bbox 1067 1553 1869 1593; baseline -0.004 -8"><span class='ocrx_word' id='word_1_791' title='bbox 1067 1560 1104 1586; x_wconf 83' lang='grc' dir='ltr'><em>λει</em></span> <span class='ocrx_word' id='word_1_792' title='bbox 1122 1556 1186 1585; x_wconf 83' lang='grc' dir='ltr'><em>ὅταν</em></span> <span class='ocrx_word' id='word_1_793' title='bbox 1203 1566 1242 1587; x_wconf 89' lang='grc' dir='ltr'><em>τις</em></span> <span class='ocrx_word' id='word_1_794' title='bbox 1257 1555 1413 1593; x_wconf 82' lang='grc' dir='ltr'><em>μοχθηροὺς</em></span> <span class='ocrx_word' id='word_1_795' title='bbox 1431 1558 1561 1593; x_wconf 83' lang='grc' dir='ltr'><em>ἐγκρατεῖς</em></span> <span class='ocrx_word' id='word_1_796' title='bbox 1578 1554 1661 1583; x_wconf 80' lang='grc' dir='ltr'><em>ποιῶν</em></span> <span class='ocrx_word' id='word_1_797' title='bbox 1674 1554 1809 1592; x_wconf 78' lang='grc' dir='ltr'><em>παραδιδῷ</em></span> <span class='ocrx_word' id='word_1_798' title='bbox 1823 1553 1869 1590; x_wconf 77' lang='grc' dir='ltr'><em>τὴν</em></span> 
     </span>
     <span class='ocr_line' id='line_1_100' title="bbox 1068 1595 1869 1635; baseline -0.005 -7"><span class='ocrx_word' id='word_1_799' title='bbox 1068 1598 1156 1632; x_wconf 83' lang='grc' dir='ltr'><em>πόλιν,</em></span> <span class='ocrx_word' id='word_1_800' title='bbox 1178 1597 1239 1630; x_wconf 80' lang='grc' dir='ltr'><em>τοὺς</em></span> <span class='ocrx_word' id='word_1_801' title='bbox 1261 1599 1287 1626; x_wconf 86' lang='grc' dir='ltr'><em>δὲ</em></span> <span class='ocrx_word' id='word_1_802' title='bbox 1307 1599 1491 1635; x_wconf 82' lang='grc' dir='ltr'><em>χαριεστέρους</em></span> <span class='ocrx_word' id='word_1_803' title='bbox 1511 1599 1623 1635; x_wconf 80' lang='grc' dir='ltr'><em>φθείρῃ·</em></span> <span class='ocrx_word' id='word_1_804' title='bbox 1649 1595 1745 1626; x_wconf 69' lang='grc' dir='ltr'><em>ταύτὸν</em></span> <span class='ocrx_word' id='word_1_805' title='bbox 1761 1596 1869 1625; x_wconf 78' lang='grc' dir='ltr'><em>καὶτὸν</em></span> 
     </span>
     <span class='ocr_line' id='line_1_101' title="bbox 1067 1637 1867 1679; baseline -0.004 -9"><span class='ocrx_word' id='word_1_806' title='bbox 1067 1641 1203 1679; x_wconf 84' lang='grc' dir='ltr'><em>μιμητικὸν</em></span> <span class='ocrx_word' id='word_1_807' title='bbox 1220 1641 1330 1676; x_wconf 86' lang='grc' dir='ltr'><em>ποιητὴν</em></span> <span class='ocrx_word' id='word_1_808' title='bbox 1350 1639 1470 1677; x_wconf 80' lang='grc' dir='ltr'><em>φήσομεν</em></span> <span class='ocrx_word' id='word_1_809' title='bbox 1491 1639 1571 1675; x_wconf 88' lang='grc' dir='ltr'><em>κακὴν</em></span> <span class='ocrx_word' id='word_1_810' title='bbox 1588 1641 1720 1669; x_wconf 86' lang='grc' dir='ltr'><em>πολιτείαν</em></span> <span class='ocrx_word' id='word_1_811' title='bbox 1738 1639 1789 1675; x_wconf 76' lang='grc' dir='ltr'><em>ἰδίᾳ</em></span> <span class='ocrx_word' id='word_1_812' title='bbox 1807 1637 1867 1667; x_wconf 79' lang='grc' dir='ltr'><em>ἑκά-</em></span> 
     </span>
     <span class='ocr_line' id='line_1_102' title="bbox 1071 1680 1867 1721; baseline -0.004 -8"><span class='ocrx_word' id='word_1_813' title='bbox 1071 1696 1135 1713; x_wconf 84' lang='grc' dir='ltr'><em>στου</em></span> <span class='ocrx_word' id='word_1_814' title='bbox 1157 1683 1188 1721; x_wconf 84' lang='grc' dir='ltr'><strong><em>τῇ</em></strong></span> <span class='ocrx_word' id='word_1_815' title='bbox 1209 1683 1280 1721; x_wconf 78' lang='grc' dir='ltr'><em>ψυχῇ</em></span> <span class='ocrx_word' id='word_1_816' title='bbox 1304 1685 1430 1720; x_wconf 81' lang='grc' dir='ltr'><em>ἐμποιεῖν,</em></span> <span class='ocrx_word' id='word_1_817' title='bbox 1453 1682 1489 1720; x_wconf 75' lang='grc' dir='ltr'><em>τῷ</em></span> <span class='ocrx_word' id='word_1_818' title='bbox 1511 1681 1612 1720; x_wconf 80' lang='grc' dir='ltr'><em>ἀνοήτῳ</em></span> <span class='ocrx_word' id='word_1_819' title='bbox 1635 1680 1711 1718; x_wconf 76' lang='grc' dir='ltr'><em>αὐτῆς</em></span> <span class='ocrx_word' id='word_1_820' title='bbox 1730 1680 1867 1719; x_wconf 81' lang='grc' dir='ltr'><em>χαριζόμε-</em></span> 
     </span>
     <span class='ocr_line' id='line_1_103' title="bbox 1069 1723 1868 1763; baseline -0.004 -8"><span class='ocrx_word' id='word_1_821' title='bbox 1069 1739 1115 1755; x_wconf 91' lang='grc' dir='ltr'><em>νον</em></span> <span class='ocrx_word' id='word_1_822' title='bbox 1131 1727 1176 1754; x_wconf 78' lang='grc' dir='ltr'><em>καὶ</em></span> <span class='ocrx_word' id='word_1_823' title='bbox 1194 1724 1253 1754; x_wconf 71' lang='grc' dir='ltr'><em>οὔτε</em></span> <span class='ocrx_word' id='word_1_824' title='bbox 1270 1725 1303 1753; x_wconf 80' lang='grc' dir='ltr'><em>τὰ</em></span> <span class='ocrx_word' id='word_1_825' title='bbox 1320 1726 1394 1762; x_wconf 87' lang='grc' dir='ltr'><em>μείζω</em></span> <span class='ocrx_word' id='word_1_826' title='bbox 1412 1731 1415 1745; x_wconf 92' lang='lat'><strong>¹</strong></span> <span class='ocrx_word' id='word_1_827' title='bbox 1433 1723 1492 1753; x_wconf 71' lang='grc' dir='ltr'><em>οὔτε</em></span> <span class='ocrx_word' id='word_1_828' title='bbox 1506 1724 1539 1753; x_wconf 78' lang='grc' dir='ltr'><em>τὰ</em></span> <span class='ocrx_word' id='word_1_829' title='bbox 1556 1723 1651 1753; x_wconf 78' lang='grc' dir='ltr'><em>ἐλάττω</em></span> <span class='ocrx_word' id='word_1_830' title='bbox 1667 1723 1868 1763; x_wconf 76' lang='grc' dir='ltr'><em>διαγιγνώσκον-</em></span> 
     </span>
     <span class='ocr_line' id='line_1_104' title="bbox 1070 1765 1870 1816; baseline -0.004 -19"><span class='ocrx_word' id='word_1_831' title='bbox 1070 1782 1101 1802; x_wconf 89' lang='grc' dir='ltr'><em>τι,</em></span> <span class='ocrx_word' id='word_1_832' title='bbox 1122 1767 1186 1797; x_wconf 77' lang='grc' dir='ltr'><em>ἀλλὰ</em></span> <span class='ocrx_word' id='word_1_833' title='bbox 1204 1767 1237 1796; x_wconf 80' lang='grc' dir='ltr'><em>τὰ</em></span> <span class='ocrx_word' id='word_1_834' title='bbox 1256 1765 1323 1796; x_wconf 77' lang='grc' dir='ltr'><em>αὐτὰ</em></span> <span class='ocrx_word' id='word_1_835' title='bbox 1345 1769 1404 1796; x_wconf 84' lang='grc' dir='ltr'><em>τοτὲ</em></span> <span class='ocrx_word' id='word_1_836' title='bbox 1425 1769 1472 1804; x_wconf 77' lang='grc' dir='ltr'><em>μὲν</em></span> <span class='ocrx_word' id='word_1_837' title='bbox 1487 1766 1600 1816; x_wconf 47' lang='lat' dir='ltr'><em>,ut-:ydiot-</em></span> <span class='ocrx_word' id='word_1_838' title='bbox 1607 1765 1747 1816; x_wconf 77' lang='grc' dir='ltr'><em>ηγουμένῳ,</em></span> <span class='ocrx_word' id='word_1_839' title='bbox 1766 1768 1825 1795; x_wconf 80' lang='grc' dir='ltr'><em>τοτὲ</em></span> <span class='ocrx_word' id='word_1_840' title='bbox 1843 1767 1870 1794; x_wconf 81' lang='grc' dir='ltr'><em>δὲ</em></span> 
     </span>
     <span class='ocr_line' id='line_1_105' title="bbox 1071 1807 1869 1849; baseline -0.003 -10"><span class='ocrx_word' id='word_1_841' title='bbox 1071 1810 1175 1849; x_wconf 89' lang='grc' dir='ltr'><em>σμικρά,</em></span> <span class='ocrx_word' id='word_1_842' title='bbox 1193 1811 1285 1839; x_wconf 83' lang='grc' dir='ltr'><em>εἴδωλα</em></span> <span class='ocrx_word' id='word_1_843' title='bbox 1303 1809 1530 1842; x_wconf 83' lang='grc' dir='ltr'><em>εἷδωλοποιουντα,</em></span> <span class='ocrx_word' id='word_1_844' title='bbox 1553 1822 1601 1838; x_wconf 86' lang='grc' dir='ltr'><em>του</em></span> <span class='ocrx_word' id='word_1_845' title='bbox 1619 1810 1646 1838; x_wconf 82' lang='grc' dir='ltr'><em>δὲ</em></span> <span class='ocrx_word' id='word_1_846' title='bbox 1665 1808 1783 1845; x_wconf 78' lang='grc' dir='ltr'><em>ιῖιληθοῦς</em></span> <span class='ocrx_word' id='word_1_847' title='bbox 1799 1807 1869 1846; x_wconf 87' lang='grc' dir='ltr'><em>πόρ-</em></span> 
     </span>
     <span class='ocr_line' id='line_1_106' title="bbox 1071 1849 1868 1893; baseline -0.004 -11"><span class='ocrx_word' id='word_1_848' title='bbox 1071 1858 1107 1893; x_wconf 79' lang='grc' dir='ltr'><em>ρω</em></span> <span class='ocrx_word' id='word_1_849' title='bbox 1129 1852 1198 1881; x_wconf 84' lang='grc' dir='ltr'><em>πάνυ</em></span> <span class='ocrx_word' id='word_1_850' title='bbox 1221 1851 1367 1889; x_wconf 85' lang='grc' dir='ltr'><em>αφεστῶτα.</em></span> <span class='ocrx_word' id='word_1_851' title='bbox 1410 1850 1489 1880; x_wconf 84' lang='grc' dir='ltr'><em>Πάνυ</em></span> <span class='ocrx_word' id='word_1_852' title='bbox 1509 1854 1555 1890; x_wconf 84' lang='grc' dir='ltr'><em>μὲν</em></span> <span class='ocrx_word' id='word_1_853' title='bbox 1578 1864 1631 1881; x_wconf 85' lang='grc' dir='ltr'><em>ουν.</em></span> <span class='ocrx_word' id='word_1_854' title='bbox 1676 1858 1726 1881; x_wconf 80' lang='lat' dir='ltr'><em>vu.</em></span> <span class='ocrx_word' id='word_1_855' title='bbox 1752 1849 1789 1880; x_wconf 86' lang='grc' dir='ltr'><em>Ου</em></span> <span class='ocrx_word' id='word_1_856' title='bbox 1809 1853 1868 1888; x_wconf 77' lang='grc' dir='ltr'><em>μὲν·</em></span> 
     </span>
     <span class='ocr_line' id='line_1_107' title="bbox 1071 1892 1870 1934; baseline -0.005 -9"><span class='ocrx_word' id='word_1_857' title='bbox 1071 1909 1112 1925; x_wconf 88' lang='grc' dir='ltr'><em>τοι</em></span> <span class='ocrx_word' id='word_1_858' title='bbox 1129 1908 1170 1924; x_wconf 92' lang='grc' dir='ltr'><em>πω</em></span> <span class='ocrx_word' id='word_1_859' title='bbox 1188 1894 1219 1924; x_wconf 87' lang='grc' dir='ltr'><em>τό</em></span> <span class='ocrx_word' id='word_1_860' title='bbox 1237 1907 1266 1934; x_wconf 89' lang='grc' dir='ltr'><em>γε</em></span> <span class='ocrx_word' id='word_1_861' title='bbox 1283 1897 1406 1933; x_wconf 83' lang='grc' dir='ltr'><em>μέγιστον</em></span> <span class='ocrx_word' id='word_1_862' title='bbox 1424 1906 1636 1933; x_wconf 82' lang='grc' dir='ltr'><em>κατηγορηκαμεν</em></span> <span class='ocrx_word' id='word_1_863' title='bbox 1659 1892 1744 1930; x_wconf 77' lang='grc' dir='ltr'><em>αυτῆς.</em></span> <span class='ocrx_word' id='word_1_864' title='bbox 1770 1905 1801 1922; x_wconf 87' lang='grc' dir='ltr'><em>το</em></span> <span class='ocrx_word' id='word_1_865' title='bbox 1818 1892 1870 1932; x_wconf 77' lang='grc' dir='ltr'><em>γὰρ</em></span> 
     </span>
     <span class='ocr_line' id='line_1_108' title="bbox 1071 1934 1872 1975; baseline -0.005 -8"><span class='ocrx_word' id='word_1_866' title='bbox 1071 1940 1114 1967; x_wconf 84' lang='grc' dir='ltr'><em>καὶ</em></span> <span class='ocrx_word' id='word_1_867' title='bbox 1132 1938 1193 1970; x_wconf 85' lang='grc' dir='ltr'><em>τοὺς</em></span> <span class='ocrx_word' id='word_1_868' title='bbox 1211 1941 1326 1969; x_wconf 82' lang='grc' dir='ltr'><em>ἐπιεικεῖς</em></span> <span class='ocrx_word' id='word_1_869' title='bbox 1344 1936 1432 1972; x_wconf 83' lang='grc' dir='ltr'><em>ικανὴν</em></span> <span class='ocrx_word' id='word_1_870' title='bbox 1450 1941 1515 1965; x_wconf 85' lang='grc' dir='ltr'><em>εἰναι</em></span> <span class='ocrx_word' id='word_1_871' title='bbox 1535 1936 1690 1975; x_wconf 71' lang='grc' dir='ltr'><em>λωβᾶσθαι,</em></span> <span class='ocrx_word' id='word_1_872' title='bbox 1714 1935 1786 1967; x_wconf 84' lang='grc' dir='ltr'><em>ἐκτὸς</em></span> <span class='ocrx_word' id='word_1_873' title='bbox 1802 1934 1872 1964; x_wconf 83' lang='grc' dir='ltr'><em>πάνυ</em></span> 
     </span>
     <span class='ocr_line' id='line_1_109' title="bbox 1072 1978 1872 2018; baseline -0.004 -9"><span class='ocrx_word' id='word_1_874' title='bbox 1072 1981 1146 2010; x_wconf 77' lang='grc' dir='ltr'><em>τινῶν</em></span> <span class='ocrx_word' id='word_1_875' title='bbox 1166 1979 1267 2018; x_wconf 84' lang='grc' dir='ltr'><em>ὀλίγων,</em></span> <span class='ocrx_word' id='word_1_876' title='bbox 1285 1978 1423 2008; x_wconf 83' lang='grc' dir='ltr'><em>πάνδεινόν</em></span> <span class='ocrx_word' id='word_1_877' title='bbox 1440 1991 1500 2008; x_wconf 89' lang='grc' dir='ltr'><em>που.</em></span> <span class='ocrx_word' id='word_1_878' title='bbox 1546 1981 1577 2007; x_wconf 87' lang='grc' dir='ltr'><em>Τί</em></span> <span class='ocrx_word' id='word_1_879' title='bbox 1599 1978 1621 2006; x_wconf 88' lang='grc' dir='ltr'><em>δ</em></span> <span class='ocrx_word' id='word_1_880' title='bbox 1643 1991 1674 2007; x_wconf 91' lang='grc' dir='ltr'><em>ου</em></span> <span class='ocrx_word' id='word_1_881' title='bbox 1690 1981 1781 2016; x_wconf 78' lang='grc' dir='ltr'><em>μέλλει,</em></span> <span class='ocrx_word' id='word_1_882' title='bbox 1800 1981 1872 2016; x_wconf 78' lang='grc' dir='ltr'><em>εἴπερ</em></span> 
     </span>
     <span class='ocr_line' id='line_1_110' title="bbox 1071 2020 1872 2062; baseline -0.004 -11"><span class='ocrx_word' id='word_1_883' title='bbox 1071 2036 1100 2062; x_wconf 91' lang='grc' dir='ltr'><em>γε</em></span> <span class='ocrx_word' id='word_1_884' title='bbox 1119 2023 1167 2060; x_wconf 79' lang='grc' dir='ltr'><em>δρᾷ</em></span> <span class='ocrx_word' id='word_1_885' title='bbox 1189 2021 1267 2056; x_wconf 70' lang='grc' dir='ltr'><em>αὐτός</em></span> <span class='ocrx_word' id='word_1_886' title='bbox 1294 2021 1405 2050; x_wconf 82' lang='grc' dir='ltr'><em>Λκουων</em></span> <span class='ocrx_word' id='word_1_887' title='bbox 1428 2020 1527 2050; x_wconf 88' lang='grc' dir='ltr'><em>σκόπει.</em></span> <span class='ocrx_word' id='word_1_888' title='bbox 1555 2023 1581 2050; x_wconf 82' lang='grc' dir='ltr'><em>οῖ</em></span> <span class='ocrx_word' id='word_1_889' title='bbox 1600 2020 1653 2060; x_wconf 85' lang='grc' dir='ltr'><em>γάρ</em></span> <span class='ocrx_word' id='word_1_890' title='bbox 1674 2033 1727 2050; x_wconf 88' lang='grc' dir='ltr'><em>που</em></span> <span class='ocrx_word' id='word_1_891' title='bbox 1745 2021 1872 2058; x_wconf 73' lang='grc' dir='ltr'><em>βέλτιστοι</em></span> 
     </span>
     <span class='ocr_line' id='line_1_111' title="bbox 1071 2063 1870 2103; baseline -0.004 -9"><span class='ocrx_word' id='word_1_892' title='bbox 1071 2065 1141 2103; x_wconf 76' lang='grc' dir='ltr'><em>ἡμῶν</em></span> <span class='ocrx_word' id='word_1_893' title='bbox 1160 2063 1320 2103; x_wconf 75' lang='grc' dir='ltr'><em>ακροώμενοι</em></span> <span class='ocrx_word' id='word_1_894' title='bbox 1335 2063 1447 2101; x_wconf 87' lang='grc' dir='ltr'><em>Ομήρου</em></span> <span class='ocrx_word' id='word_1_895' title='bbox 1463 2063 1478 2100; x_wconf 84' lang='grc' dir='ltr'><em>ἢ</em></span> <span class='ocrx_word' id='word_1_896' title='bbox 1496 2077 1540 2092; x_wconf 86' lang='grc' dir='ltr'><em>και</em></span> <span class='ocrx_word' id='word_1_897' title='bbox 1559 2063 1638 2092; x_wconf 84' lang='grc' dir='ltr'><em>α’λλου</em></span> <span class='ocrx_word' id='word_1_898' title='bbox 1655 2063 1724 2094; x_wconf 86' lang='grc' dir='ltr'><em>τινὸς</em></span> <span class='ocrx_word' id='word_1_899' title='bbox 1741 2075 1792 2091; x_wconf 88' lang='grc' dir='ltr'><em>των</em></span> <span class='ocrx_word' id='word_1_900' title='bbox 1806 2075 1870 2101; x_wconf 84' lang='grc' dir='ltr'><em>τρα-</em></span> 
     </span>
     <span class='ocr_line' id='line_1_112' title="bbox 1071 2105 1872 2156; baseline -0.004 -20"><span class='ocrx_word' id='word_1_901' title='bbox 1071 2108 1226 2147; x_wconf 80' lang='grc' dir='ltr'><em>γῳδοποιῶν</em></span> <span class='ocrx_word' id='word_1_902' title='bbox 1254 2113 1257 2127; x_wconf 92' lang='lat'><strong>¹</strong></span> <span class='ocrx_word' id='word_1_903' title='bbox 1285 2109 1449 2156; x_wconf 82' lang='grc' dir='ltr'><em>μιμουμένου</em></span> <span class='ocrx_word' id='word_1_904' title='bbox 1464 2106 1521 2135; x_wconf 82' lang='grc' dir='ltr'><em>τινὰ</em></span> <span class='ocrx_word' id='word_1_905' title='bbox 1543 2107 1594 2135; x_wconf 83' lang='grc' dir='ltr'><em>τῶν</em></span> <span class='ocrx_word' id='word_1_906' title='bbox 1614 2105 1704 2143; x_wconf 77' lang='grc' dir='ltr'><em>ἡρώων</em></span> <span class='ocrx_word' id='word_1_907' title='bbox 1727 2109 1752 2134; x_wconf 84' lang='grc' dir='ltr'><em>ἐν</em></span> <span class='ocrx_word' id='word_1_908' title='bbox 1776 2107 1872 2134; x_wconf 77' lang='grc' dir='ltr'><em>πένθει</em></span> 
     </span>
     <span class='ocr_line' id='line_1_113' title="bbox 1073 2146 1872 2201; baseline -0.004 -22"><span class='ocrx_word' id='word_1_909' title='bbox 1073 2150 1136 2179; x_wconf 78' lang='grc' dir='ltr'><em>ὄντα</em></span> <span class='ocrx_word' id='word_1_910' title='bbox 1154 2151 1198 2178; x_wconf 82' lang='grc' dir='ltr'><em>καὶ</em></span> <span class='ocrx_word' id='word_1_911' title='bbox 1214 2161 1317 2187; x_wconf 88' lang='grc' dir='ltr'><em>μακραν</em></span> <span class='ocrx_word' id='word_1_912' title='bbox 1338 2149 1412 2187; x_wconf 84' lang='grc' dir='ltr'><em>ῥῆσιν</em></span> <span class='ocrx_word' id='word_1_913' title='bbox 1435 2147 1606 2178; x_wconf 84' lang='grc' dir='ltr'><em>αποτείνοντα</em></span> <span class='ocrx_word' id='word_1_914' title='bbox 1630 2152 1656 2176; x_wconf 79' lang='grc' dir='ltr'><em>ἐν</em></span> <span class='ocrx_word' id='word_1_915' title='bbox 1676 2151 1732 2180; x_wconf 86' lang='grc' dir='ltr'><em>τοῖς</em></span> <span class='ocrx_word' id='word_1_916' title='bbox 1750 2146 1872 2201; x_wconf 79' lang='grc' dir='ltr'><em>ὀδυρμοῖς</em></span> 
     </span>
     <span class='ocr_line' id='line_1_114' title="bbox 1071 2189 1869 2229; baseline -0.004 -8"><span class='ocrx_word' id='word_1_917' title='bbox 1071 2192 1087 2229; x_wconf 82' lang='grc' dir='ltr'><em>ἢ</em></span> <span class='ocrx_word' id='word_1_918' title='bbox 1104 2193 1148 2221; x_wconf 81' lang='grc' dir='ltr'><em>καὶ</em></span> <span class='ocrx_word' id='word_1_919' title='bbox 1166 2191 1277 2229; x_wconf 71' lang='grc' dir='ltr'><em>ᾄδοντάς</em></span> <span class='ocrx_word' id='word_1_920' title='bbox 1298 2203 1325 2220; x_wconf 86' lang='grc' dir='ltr'><em>τε</em></span> <span class='ocrx_word' id='word_1_921' title='bbox 1347 2192 1390 2219; x_wconf 79' lang='grc' dir='ltr'><em>καὶ</em></span> <span class='ocrx_word' id='word_1_922' title='bbox 1412 2194 1599 2228; x_wconf 80' lang='grc' dir='ltr'><em>κοπτομένους,</em></span> <span class='ocrx_word' id='word_1_923' title='bbox 1623 2189 1697 2220; x_wconf 75' lang='grc' dir='ltr'><em>οἷσθ’</em></span> <span class='ocrx_word' id='word_1_924' title='bbox 1718 2189 1758 2219; x_wconf 82' lang='grc' dir='ltr'><em>ὅτι</em></span> <span class='ocrx_word' id='word_1_925' title='bbox 1776 2192 1869 2228; x_wconf 84' lang='grc' dir='ltr'><em>χαίρο-</em></span> 
     </span>
     <span class='ocr_line' id='line_1_115' title="bbox 1070 2232 1870 2273; baseline -0.003 -10"><span class='ocrx_word' id='word_1_926' title='bbox 1070 2238 1117 2273; x_wconf 78' lang='grc' dir='ltr'><em>μέν</em></span> <span class='ocrx_word' id='word_1_927' title='bbox 1134 2247 1161 2263; x_wconf 92' lang='grc' dir='ltr'><em>τε</em></span> <span class='ocrx_word' id='word_1_928' title='bbox 1179 2236 1221 2262; x_wconf 74' lang='grc' dir='ltr'><em>καὶ</em></span> <span class='ocrx_word' id='word_1_929' title='bbox 1240 2233 1354 2265; x_wconf 84' lang='grc' dir='ltr'><em>ἐνδόντες</em></span> <span class='ocrx_word' id='word_1_930' title='bbox 1371 2232 1438 2271; x_wconf 74' lang='grc' dir='ltr'><em>ἡμᾶς</em></span> <span class='ocrx_word' id='word_1_931' title='bbox 1453 2232 1548 2265; x_wconf 73' lang='grc' dir='ltr'><em>αὐτοὺς</em></span> <span class='ocrx_word' id='word_1_932' title='bbox 1563 2232 1686 2271; x_wconf 82' lang='grc' dir='ltr'><em>ἑπόμεθα</em></span> <span class='ocrx_word' id='word_1_933' title='bbox 1702 2232 1870 2270; x_wconf 83' lang='grc' dir='ltr'><em>ξυμπάσχον-</em></span> 
     </span>
     <span class='ocr_line' id='line_1_116' title="bbox 1072 2274 1870 2314; baseline -0.004 -8"><span class='ocrx_word' id='word_1_934' title='bbox 1072 2289 1124 2310; x_wconf 88' lang='grc' dir='ltr'><em>τες,</em></span> <span class='ocrx_word' id='word_1_935' title='bbox 1151 2278 1194 2305; x_wconf 82' lang='grc' dir='ltr'><em>καῖ</em></span> <span class='ocrx_word' id='word_1_936' title='bbox 1218 2276 1408 2309; x_wconf 78' lang='grc' dir='ltr'><em>σπουδάζοντες</em></span> <span class='ocrx_word' id='word_1_937' title='bbox 1431 2276 1584 2314; x_wconf 76' lang='grc' dir='ltr'><em>ἐπαινοῦμεν</em></span> <span class='ocrx_word' id='word_1_938' title='bbox 1607 2275 1640 2307; x_wconf 82' lang='grc' dir='ltr'><em>ὧς</em></span> <span class='ocrx_word' id='word_1_939' title='bbox 1663 2274 1772 2314; x_wconf 75' lang='grc' dir='ltr'><em>ἀγαθὸν</em></span> <span class='ocrx_word' id='word_1_940' title='bbox 1793 2287 1870 2310; x_wconf 90' lang='grc' dir='ltr'><em>ποιη-</em></span> 
     </span>
     <span class='ocr_line' id='line_1_117' title="bbox 1072 2315 1870 2356; baseline -0.005 -7"><span class='ocrx_word' id='word_1_941' title='bbox 1072 2319 1130 2356; x_wconf 88' lang='grc' dir='ltr'><em>τήν,</em></span> <span class='ocrx_word' id='word_1_942' title='bbox 1155 2319 1184 2351; x_wconf 83' lang='grc' dir='ltr'><em>ὅς</em></span> <span class='ocrx_word' id='word_1_943' title='bbox 1207 2318 1238 2347; x_wconf 83' lang='grc' dir='ltr'><em>ἀν</em></span> <span class='ocrx_word' id='word_1_944' title='bbox 1260 2317 1326 2356; x_wconf 75' lang='grc' dir='ltr'><em>ἡμᾶς</em></span> <span class='ocrx_word' id='word_1_945' title='bbox 1348 2318 1363 2347; x_wconf 88' lang='grc' dir='ltr'><em>ό</em></span> <span class='ocrx_word' id='word_1_946' title='bbox 1385 2331 1409 2347; x_wconf 89' lang='grc' dir='ltr'><em>τι</em></span> <span class='ocrx_word' id='word_1_947' title='bbox 1429 2317 1544 2356; x_wconf 83' lang='grc' dir='ltr'><em>μάλιστα</em></span> <span class='ocrx_word' id='word_1_948' title='bbox 1567 2317 1634 2347; x_wconf 84' lang='grc' dir='ltr'><em>ου’τω</em></span> <span class='ocrx_word' id='word_1_949' title='bbox 1657 2317 1748 2355; x_wconf 79' lang='grc' dir='ltr'><em>διαθῇ.</em></span> <span class='ocrx_word' id='word_1_950' title='bbox 1795 2315 1870 2346; x_wconf 76' lang='grc' dir='ltr'><em>Οἶδα·</em></span> 
     </span>
     <span class='ocr_line' id='line_1_118' title="bbox 1072 2359 1871 2398; baseline -0.003 -8"><span class='ocrx_word' id='word_1_951' title='bbox 1072 2362 1128 2394; x_wconf 78' lang='grc' dir='ltr'><em>πῶς</em></span> <span class='ocrx_word' id='word_1_952' title='bbox 1146 2361 1169 2390; x_wconf 86' lang='grc' dir='ltr'><em>δ</em></span> <span class='ocrx_word' id='word_1_953' title='bbox 1191 2374 1235 2395; x_wconf 82' lang='lat' dir='ltr'><em>ov,-</em></span> <span class='ocrx_word' id='word_1_954' title='bbox 1259 2361 1337 2390; x_wconf 85' lang='grc' dir='ltr'><em>Ὀταν</em></span> <span class='ocrx_word' id='word_1_955' title='bbox 1357 2362 1382 2389; x_wconf 85' lang='grc' dir='ltr'><em>δὲ</em></span> <span class='ocrx_word' id='word_1_956' title='bbox 1402 2360 1498 2390; x_wconf 78' lang='grc' dir='ltr'><em>οἰκεῖόν</em></span> <span class='ocrx_word' id='word_1_957' title='bbox 1515 2373 1563 2390; x_wconf 85' lang='grc' dir='ltr'><em>τινι</em></span> <span class='ocrx_word' id='word_1_958' title='bbox 1579 2359 1650 2398; x_wconf 74' lang='grc' dir='ltr'><em>ἡμῶν</em></span> <span class='ocrx_word' id='word_1_959' title='bbox 1667 2360 1744 2396; x_wconf 82' lang='grc' dir='ltr'><em>κῆδος</em></span> <span class='ocrx_word' id='word_1_960' title='bbox 1760 2362 1871 2398; x_wconf 77' lang='grc' dir='ltr'><em>γένηται,</em></span> 
     </span>
     <span class='ocr_line' id='line_1_119' title="bbox 1074 2401 1870 2441; baseline -0.004 -8"><span class='ocrx_word' id='word_1_961' title='bbox 1074 2408 1168 2436; x_wconf 83' lang='grc' dir='ltr'><em>ἐννοεῖς</em></span> <span class='ocrx_word' id='word_1_962' title='bbox 1186 2405 1226 2437; x_wconf 79' lang='grc' dir='ltr'><em>αὖ,</em></span> <span class='ocrx_word' id='word_1_963' title='bbox 1246 2403 1286 2432; x_wconf 81' lang='grc' dir='ltr'><em>ὅτι</em></span> <span class='ocrx_word' id='word_1_964' title='bbox 1304 2405 1346 2432; x_wconf 80' lang='grc' dir='ltr'><em>ἐπὶ</em></span> <span class='ocrx_word' id='word_1_965' title='bbox 1364 2403 1399 2441; x_wconf 76' lang='grc' dir='ltr'><em>τῷ</em></span> <span class='ocrx_word' id='word_1_966' title='bbox 1417 2406 1521 2441; x_wconf 80' lang='grc' dir='ltr'><em>ἐναντίῳ</em></span> <span class='ocrx_word' id='word_1_967' title='bbox 1536 2402 1762 2440; x_wconf 85' lang='grc' dir='ltr'><em>καλλωπιζόμεθα,</em></span> <span class='ocrx_word' id='word_1_968' title='bbox 1779 2401 1812 2430; x_wconf 76' lang='grc' dir='ltr'><em>ἂν</em></span> <span class='ocrx_word' id='word_1_969' title='bbox 1827 2403 1870 2430; x_wconf 84' lang='grc' dir='ltr'><em>δυ-</em></span> 
     </span>
     <span class='ocr_line' id='line_1_120' title="bbox 1073 2443 1913 2485; baseline -0.004 -9"><span class='ocrx_word' id='word_1_970' title='bbox 1073 2446 1182 2484; x_wconf 79' lang='grc' dir='ltr'><em>νωμεθα</em></span> <span class='ocrx_word' id='word_1_971' title='bbox 1201 2446 1310 2482; x_wconf 78' lang='grc' dir='ltr'><em>ἡσυχίαν</em></span> <span class='ocrx_word' id='word_1_972' title='bbox 1329 2458 1400 2485; x_wconf 91' lang='grc' dir='ltr'><em>αγειν</em></span> <span class='ocrx_word' id='word_1_973' title='bbox 1421 2447 1465 2474; x_wconf 81' lang='grc' dir='ltr'><em>καὶ</em></span> <span class='ocrx_word' id='word_1_974' title='bbox 1486 2449 1630 2484; x_wconf 82' lang='grc' dir='ltr'><em>καρτερεῖν,</em></span> <span class='ocrx_word' id='word_1_975' title='bbox 1650 2452 1654 2466; x_wconf 90' lang='lat'><strong>¹</strong></span> <span class='ocrx_word' id='word_1_976' title='bbox 1674 2443 1709 2477; x_wconf 80' lang='grc' dir='ltr'><em>ὤς</em></span> <span class='ocrx_word' id='word_1_977' title='bbox 1729 2445 1808 2473; x_wconf 77' lang='grc' dir='ltr'><em>τοῦτο</em></span> <span class='ocrx_word' id='word_1_978' title='bbox 1825 2447 1872 2482; x_wconf 84' lang='grc' dir='ltr'><em>μὲν.</em></span> <span class='ocrx_word' id='word_1_979' title='bbox 1896 2451 1913 2470; x_wconf 77' lang='grc' dir='ltr'>Ε</span> 
     </span>
     <span class='ocr_line' id='line_1_121' title="bbox 1074 2485 1869 2539; baseline -0.004 -21"><span class='ocrx_word' id='word_1_980' title='bbox 1074 2487 1196 2526; x_wconf 70' lang='grc' dir='ltr'><em>ἀνδρὸς</em></span> <span class='ocrx_word' id='word_1_981' title='bbox 1187 2488 1224 2522; x_wconf 82' lang='grc' dir='ltr'><em>όν,</em></span> <span class='ocrx_word' id='word_1_982' title='bbox 1244 2492 1324 2518; x_wconf 75' lang='grc' dir='ltr'><em>ἐκεῖνο</em></span> <span class='ocrx_word' id='word_1_983' title='bbox 1343 2489 1369 2517; x_wconf 87' lang='grc' dir='ltr'><em>δὲ</em></span> <span class='ocrx_word' id='word_1_984' title='bbox 1386 2488 1514 2530; x_wconf 83' lang='grc' dir='ltr'><em>γυναικός,</em></span> <span class='ocrx_word' id='word_1_985' title='bbox 1535 2487 1549 2517; x_wconf 79' lang='grc' dir='ltr'><em>ὃ</em></span> <span class='ocrx_word' id='word_1_986' title='bbox 1567 2487 1626 2517; x_wconf 86' lang='grc' dir='ltr'><em>τότε</em></span> <span class='ocrx_word' id='word_1_987' title='bbox 1645 2486 1795 2539; x_wconf 71' lang='grc' dir='ltr'><em>ἐπῃνοῦμεν.</em></span> <span class='ocrx_word' id='word_1_988' title='bbox 1814 2485 1869 2515; x_wconf 80' lang='grc' dir='ltr'><em>Ἐν-</em></span> 
     </span>
     <span class='ocr_line' id='line_1_122' title="bbox 1073 2529 1872 2569; baseline 0 -9"><span class='ocrx_word' id='word_1_989' title='bbox 1073 2532 1134 2565; x_wconf 85' lang='grc' dir='ltr'><em>νοῶ,</em></span> <span class='ocrx_word' id='word_1_990' title='bbox 1154 2533 1209 2568; x_wconf 69' lang='grc' dir='ltr'><em>ἔφη</em></span> <span class='ocrx_word' id='word_1_991' title='bbox 1253 2532 1286 2559; x_wconf 87' lang='lat' dir='ltr'><em>’H</em></span> <span class='ocrx_word' id='word_1_992' title='bbox 1301 2531 1384 2563; x_wconf 82' lang='grc' dir='ltr'><em>καλῶς</em></span> <span class='ocrx_word' id='word_1_993' title='bbox 1402 2543 1455 2564; x_wconf 92' lang='grc' dir='ltr'><em>ουν,</em></span> <span class='ocrx_word' id='word_1_994' title='bbox 1473 2532 1504 2566; x_wconf 85' lang='grc' dir='ltr'><em>ἠν</em></span> <span class='ocrx_word' id='word_1_995' title='bbox 1522 2529 1545 2558; x_wconf 89' lang='grc' dir='ltr'><em>δ</em></span> <span class='ocrx_word' id='word_1_996' title='bbox 1567 2529 1624 2569; x_wconf 83' lang='grc' dir='ltr'><em>ἐγω,</em></span> <span class='ocrx_word' id='word_1_997' title='bbox 1644 2531 1721 2562; x_wconf 80' lang='grc' dir='ltr'><em>οὗτος</em></span> <span class='ocrx_word' id='word_1_998' title='bbox 1738 2529 1778 2558; x_wconf 78' lang='grc' dir='ltr'><em>δ’</em></span> <span class='ocrx_word' id='word_1_999' title='bbox 1770 2531 1872 2560; x_wconf 70' lang='grc' dir='ltr'><em>ἔπαινος</em></span> 
     </span>
     <span class='ocr_line' id='line_1_123' title="bbox 1075 2570 1871 2612; baseline -0.004 -9"><span class='ocrx_word' id='word_1_1000' title='bbox 1075 2575 1133 2610; x_wconf 80' lang='grc' dir='ltr'><em>ἔχει,</em></span> <span class='ocrx_word' id='word_1_1001' title='bbox 1157 2574 1187 2602; x_wconf 87' lang='grc' dir='ltr'><em>τὸ</em></span> <span class='ocrx_word' id='word_1_1002' title='bbox 1211 2572 1313 2612; x_wconf 84' lang='grc' dir='ltr'><em>ορῶντα</em></span> <span class='ocrx_word' id='word_1_1003' title='bbox 1335 2586 1457 2603; x_wconf 88' lang='grc' dir='ltr'><em>τοιουτον</em></span> <span class='ocrx_word' id='word_1_1004' title='bbox 1480 2572 1574 2611; x_wconf 82' lang='grc' dir='ltr'><em>α’νδρα,</em></span> <span class='ocrx_word' id='word_1_1005' title='bbox 1598 2584 1654 2602; x_wconf 90' lang='grc' dir='ltr'><em>οιον</em></span> <span class='ocrx_word' id='word_1_1006' title='bbox 1675 2571 1768 2600; x_wconf 84' lang='grc' dir='ltr'><em>ἑαυτόν</em></span> <span class='ocrx_word' id='word_1_1007' title='bbox 1785 2583 1822 2603; x_wconf 90' lang='grc' dir='ltr'><em>τις</em></span> <span class='ocrx_word' id='word_1_1008' title='bbox 1836 2570 1871 2608; x_wconf 79' lang='grc' dir='ltr'><em>μὴ</em></span> 
     </span>
     <span class='ocr_line' id='line_1_124' title="bbox 1075 2611 1869 2653; baseline -0.005 -8"><span class='ocrx_word' id='word_1_1009' title='bbox 1075 2615 1146 2649; x_wconf 70' lang='grc' dir='ltr'><em>ἀξιοῖ</em></span> <span class='ocrx_word' id='word_1_1010' title='bbox 1163 2614 1227 2645; x_wconf 75' lang='grc' dir='ltr'><em>εἶναι</em></span> <span class='ocrx_word' id='word_1_1011' title='bbox 1246 2615 1297 2645; x_wconf 77' lang='grc' dir='ltr'><em>ἆλλ</em></span> <span class='ocrx_word' id='word_1_1012' title='bbox 1319 2615 1469 2652; x_wconf 82' lang='grc' dir='ltr'><em>αῖσχυνοιτο</em></span> <span class='ocrx_word' id='word_1_1013' title='bbox 1493 2614 1532 2649; x_wconf 72' lang='grc' dir='ltr'><em>ἄν,</em></span> <span class='ocrx_word' id='word_1_1014' title='bbox 1555 2614 1590 2653; x_wconf 83' lang='grc' dir='ltr'><em>μὴ</em></span> <span class='ocrx_word' id='word_1_1015' title='bbox 1609 2613 1805 2652; x_wconf 79' lang='grc' dir='ltr'><em>βδελύττεσθαι,</em></span> <span class='ocrx_word' id='word_1_1016' title='bbox 1824 2611 1869 2642; x_wconf 78' lang='grc' dir='ltr'><em>ἆλ-</em></span> 
     </span>
    </p>
   </div>
   <div class='ocr_carea' id='block_1_12' title="bbox 1047 2654 1872 2742">
    <p class='ocr_par' dir='ltr' id='par_1_12' title="bbox 1047 2654 1872 2742">
     <span class='ocr_line' id='line_1_125' title="bbox 1053 2654 1872 2696; baseline -0.005 -9"><span class='ocrx_word' id='word_1_1017' title='bbox 1053 2675 1055 2682; x_wconf 67' lang='lat'>=</span> <span class='ocrx_word' id='word_1_1018' title='bbox 1076 2659 1108 2686; x_wconf 80' lang='grc' dir='ltr'><em>λὰ</em></span> <span class='ocrx_word' id='word_1_1019' title='bbox 1121 2661 1220 2696; x_wconf 85' lang='grc' dir='ltr'><em>χαίρειν</em></span> <span class='ocrx_word' id='word_1_1020' title='bbox 1241 2671 1269 2687; x_wconf 90' lang='grc' dir='ltr'><em>τε</em></span> <span class='ocrx_word' id='word_1_1021' title='bbox 1291 2660 1334 2687; x_wconf 82' lang='grc' dir='ltr'><em>καὶ</em></span> <span class='ocrx_word' id='word_1_1022' title='bbox 1357 2662 1482 2692; x_wconf 73' lang='grc' dir='ltr'><em>ἐπαινεῖνς</em></span> <span class='ocrx_word' id='word_1_1023' title='bbox 1507 2655 1544 2687; x_wconf 67' lang='grc' dir='ltr'><em>Οὖ</em></span> <span class='ocrx_word' id='word_1_1024' title='bbox 1560 2657 1597 2696; x_wconf 81' lang='grc' dir='ltr'><em>μὰ</em></span> <span class='ocrx_word' id='word_1_1025' title='bbox 1615 2657 1661 2686; x_wconf 90' lang='grc' dir='ltr'><em>τὸν</em></span> <span class='ocrx_word' id='word_1_1026' title='bbox 1680 2655 1732 2688; x_wconf 80' lang='grc' dir='ltr'><em>Δί’,</em></span> <span class='ocrx_word' id='word_1_1027' title='bbox 1752 2656 1807 2692; x_wconf 81' lang='grc' dir='ltr'><em>ἔφη,</em></span> <span class='ocrx_word' id='word_1_1028' title='bbox 1826 2654 1872 2684; x_wconf 64' lang='grc' dir='ltr'><em>οὐκ</em></span> 
     </span>
     <span class='ocr_line' id='line_1_126' title="bbox 1047 2696 1871 2742; baseline -0.005 -12"><span class='ocrx_word' id='word_1_1029' title='bbox 1047 2733 1048 2742; x_wconf 27' lang='lat'>³</span> <span class='ocrx_word' id='word_1_1030' title='bbox 1077 2699 1174 2740; x_wconf 65' lang='grc' dir='ltr'><em>εὐλόγω</em></span> <span class='ocrx_word' id='word_1_1031' title='bbox 1194 2703 1281 2730; x_wconf 78' lang='grc' dir='ltr'><em>ἕ.οικεν</em></span> <span class='ocrx_word' id='word_1_1032' title='bbox 1309 2706 1321 2719; x_wconf 85' lang='lat'>*</span> <span class='ocrx_word' id='word_1_1033' title='bbox 1350 2703 1418 2734; x_wconf 83' lang='grc' dir='ltr'><em>Ναί,</em></span> <span class='ocrx_word' id='word_1_1034' title='bbox 1439 2701 1470 2736; x_wconf 82' lang='grc' dir='ltr'><em>ἠν</em></span> <span class='ocrx_word' id='word_1_1035' title='bbox 1488 2699 1511 2728; x_wconf 86' lang='grc' dir='ltr'><em>δ</em></span> <span class='ocrx_word' id='word_1_1036' title='bbox 1532 2699 1593 2739; x_wconf 81' lang='grc' dir='ltr'><em>ε’γω,</em></span> <span class='ocrx_word' id='word_1_1037' title='bbox 1620 2700 1643 2728; x_wconf 78' lang='grc' dir='ltr'><em>εἰ</em></span> <span class='ocrx_word' id='word_1_1038' title='bbox 1665 2701 1745 2736; x_wconf 64' lang='grc' dir='ltr'><em>ἐκείνη</em></span> <span class='ocrx_word' id='word_1_1039' title='bbox 1765 2697 1788 2737; x_wconf 74' lang='grc' dir='ltr'><em>γ’</em></span> <span class='ocrx_word' id='word_1_1040' title='bbox 1808 2696 1871 2727; x_wconf 81' lang='grc' dir='ltr'><em>ανιὸ</em></span> 
     </span>
    </p>
   </div>
   <div class='ocr_carea' id='block_1_13' title="bbox 1947 928 1998 3084">
    <p class='ocr_par' dir='ltr' id='par_1_13' title="bbox 1947 928 1998 3084">
     <span class='ocr_line' id='line_1_127' title="bbox 1947 928 1998 3084; baseline 0 0"><span class='ocrx_word' id='word_1_1041' title='bbox 1947 928 1998 3084; x_wconf 95' lang='lat' dir='ltr'><em> </em></span> 
     </span>
    </p>
   </div>
  </div>
 </body>
</html>
