1998 3084
197 150 246 175 282

201 227 247 256 οῦν
264 238 312 254 καν
330 235 367 256 τις
386 236 436 262 αρα
455 222 600 272 ἐπιστήμων
618 222 698 253 όντως
715 234 750 250 ων
767 220 803 253 εἷς
825 220 903 259 ἄρχῃ,
926 221 992 249 πάν-

200 280 250 300 τως
270 266 301 296 τό
322 278 352 305 γε
375 265 457 303 ὄνομα
480 263 576 293 ταῦτὸν
598 264 717 301 βασιλεὺς
738 265 781 291 καὶ
808 262 882 292 οὐδὲν
910 264 995 301 ἕτερον

200 307 423 348 προςρηθήσεται·
453 306 481 335 δι’
503 306 520 334 ἆ
543 307 572 342 δη
594 306 626 334 τὰ
649 308 722 334 πέντε
745 304 862 342 ὀνόματα
884 306 935 333 τῶν
951 306 996 334 νῦν

201 353 342 390 λεγομένων
359 349 525 378 πολιτειῶν
512 361 537 377 εν
553 348 635 386 μόνον
652 351 765 386 γέγονεν.
791 353 842 375 ΝΕ.
858 353 914 375 ΣΩ.
925 346 994 375 ’'an-

201 406 228 422 κε
245 393 317 432 γοῦν.
354 396 403 419 ΞΕ.
423 393 454 419 Τί
471 390 494 418 δ
514 390 577 419 ὅταν
593 402 655 427 μητε
673 389 740 418 κατὰ
758 388 854 426 νόμους
869 388 932 426 μήτε
947 402 994 417 κα-

201 436 233 464 τα
257 436 308 470 ἔθη
329 432 432 482 πράττῃ
454 444 490 464 τις
507 431 542 464 εἷς
560 432 656 470 α’ρχων,
678 432 851 480 προςποιῆται
869 432 896 459 δὲ
915 431 997 469 ὥςπερ

159 485 175 504 C
203 477 216 506 ὁ
240 484 244 497 ¹
269 475 424 513 ἐπιστήμων,
452 474 486 506 ῶς
509 474 559 517 α’ρα
582 474 655 512 παρὰ
677 474 709 502 τὰ
731 476 894 512 γεγραμμένα
916 472 946 501 τό
968 485 997 511 γε

203 520 335 556 βέλτιστον
360 520 493 553 ποιητέον,
523 518 540 554 ᾐ
567 518 593 545 δέ
618 528 656 548 τις
682 518 808 553 ἐπιθυμία
834 517 878 543 καὶ
905 514 998 554 α’γνοια

202 560 297 590 τούτου
322 560 369 589 ταῦ
395 559 541 597 μιμήματος
566 558 704 598 ἡγουμένης
730 559 786 596 μῶν
813 556 844 586 οὗ
870 557 928 586 τότε
953 557 999 586 τὸν

203 604 323 632 τοιοῦτον
341 603 450 630 ἕκαστον
467 600 593 639 τύρανιον
610 603 721 636 κλητέον.
749 607 800 628 NE.
817 605 872 628 ΣΩ.
893 602 924 628 Τί
936 599 998 637 μῄνς

204 652 254 673 XL.
273 650 320 673 ΞΕ.
342 644 414 673 Οὕτω
433 644 462 679 δη
480 643 604 682 τύραννός
621 655 648 671 τε
665 646 762 681 γέγονε,
780 645 872 679 φαμέν,
891 643 934 670 καὶ
950 643 997 678 βα-

204 688 287 719 σιλεὺς
307 688 350 715 καὶ
373 685 507 725 ὀλιγαρχία
530 687 573 714 καὶ
596 684 780 724 ἀριστοκρατία
803 686 846 712 καὶ
868 685 997 722 δημοκρα-

203 732 257 779 τίοι,
285 728 491 767 δυςχερανᾶντων
516 728 566 756 τῶν
594 727 744 765 ἀνθρώπων
770 727 816 756 τὸν
838 728 881 754 ἕνα
904 730 999 755 ἐκεῖνον

202 772 343 810 μόναρχον,
362 784 404 799 και
423 769 622 806 ἀπιστησάντων
638 771 733 807 μηδένα
751 770 795 805 τῆς
812 768 932 804 τοιαύτης
951 781 998 806 αρ-

159 823 176 840 D
202 816 249 850 χῆς
267 814 341 846 ἄξιον
360 813 391 841 ἄν
407 816 535 863 γενέσθαι
552 815 623 845 ποτέ,
642 812 703 844 ὥςτε
723 818 726 832 ¹
747 814 846 840 ἐθέλειν
863 824 906 839 και
922 812 998 839 δυνα-

204 857 250 885 τὸν
271 855 336 885 εἶναι
348 855 421 906 μετὰ
445 854 536 893 ἀρετῆς
557 868 600 883 και
623 853 762 891 ἐπιστήμης
779 853 893 891 α’ρχοντα
910 853 943 881 τὰ
962 853 999 880 δι’-

204 912 264 927 καια
282 911 325 927 και
344 897 404 926 ὅσια
424 899 547 935 διανέμειν
553 895 654 946 *ὀρθῶς
667 896 741 928 πᾶσι,
759 896 902 932 λωβᾶσθαι
917 896 944 923 δὲ
958 895 1002 922 καὶ

207 940 388 970 ἀποκτιννύναι
414 953 457 968 και
483 939 579 968 κακοῦν
606 938 636 968 ὅν
662 938 694 966 ἆν
724 938 844 975 βουληθῇ
876 937 1000 966 ἑκάστοτε

204 983 284 1021 ἡμῶν·
313 984 367 1011 ἐπεὶ
383 981 523 1021 γενόμενόν
540 980 562 1020 γ’
583 994 615 1010 αν
633 979 689 1010 οἷον
706 983 819 1019 λέγομεν,
839 978 1004 1019 ἆγαπᾶσθαί

206 1038 232 1054 τε
260 1038 292 1054 αν
317 1026 360 1053 καὶ
387 1025 465 1053 οικεῖν
492 1024 693 1062 διακυβερνῶντα
726 1022 883 1060 εὐδαιμόνως
915 1020 1002 1060 ὀρθὴν

207 1068 316 1105 ἀκριβῶς
331 1066 414 1104 μόνον
430 1069 568 1095 πολιτείαν.
608 1072 658 1094 NE
677 1071 732 1093 ΣΩ.
751 1065 815 1096 Πῶς
833 1063 856 1092 δ
877 1064 921 1098 οῦ,-
954 1069 1001 1092 ΞΕ,

208 1111 266 1139 Νῦν
289 1111 316 1139 δέ
335 1122 365 1148 γε
388 1108 468 1138 ὁπότε
490 1107 536 1138 οῦκ
555 1110 609 1137 ἔστι
625 1107 787 1146 γιγνόμενος,
810 1106 844 1138 ὦς
862 1107 892 1142 δη
909 1109 1001 1144 φαμέν,

163 1161 179 1179 E
207 1157 233 1181 ἐν
254 1156 311 1184 ταῖς
331 1151 424 1180 πόλεσι
446 1151 564 1204 βασιλεὺς
586 1149 641 1182 οἷος
663 1154 689 1178 ἐν
707 1149 828 1187 σμήνεσιν
847 1155 851 1170 ·
872 1148 1001 1186 ἐμφυεται,

206 1194 236 1224 τό
254 1207 281 1224 τε
300 1194 375 1232 σῶμα
393 1192 475 1225 εὐθὺς
492 1207 535 1222 και
553 1193 597 1229 τὴν
613 1192 698 1230 ψυχὴν
716 1193 842 1230 διαφέρων
859 1195 901 1224 εἱς,
921 1192 959 1219 δεῖ
973 1190 1002 1226 δὴ

207 1236 385 1268 συνελθόντας
406 1235 593 1275 ξυγγράμματα
615 1235 734 1273 γράφειν,
762 1233 796 1266 ῶς
818 1235 895 1266 ἔοικε,
921 1245 1000 1270 μετα-

207 1284 321 1311 θέοντας
338 1279 370 1307 τὰ
389 1280 432 1313 της
450 1277 632 1313 ἀληθεστάτη-ς
648 1278 779 1308 πολιτείας
796 1279 858 1311 ἰχνη.
881 1281 932 1304 ΝΕ.
946 1281 1001 1304 ΣΩ.

208 1321 362 1350 Κινδυνεύει.
405 1327 453 1350 ΞΕ.
477 1320 647 1369 Θαυμάζομεν
669 1320 744 1355 δῆτα,
767 1314 787 1347 ῶ
805 1318 954 1355 Σώκρατες,
978 1321 1004 1346 ἐν

207 1369 264 1397 ταῖς
282 1363 413 1397 τοιαύταις
429 1365 569 1396 πολιτείαις
587 1362 639 1393 ὅσα
654 1363 782 1401 ξυμβαίιει
797 1363 940 1401 γίγνεσθαι
954 1373 1001 1388 κα-

208 1409 240 1437 κὰ
258 1421 301 1436 και
320 1407 372 1436 ὅσα
395 1407 562 1444 ξυμβήσεται,
585 1406 704 1442 τοιαύτης
725 1407 769 1442 τῆς
790 1404 914 1443 κρηπῖδος
934 1415 1002 1432 υπο-

208 1454 319 1489 κειμένης
337 1449 427 1482 αὐταῖς
444 1450 488 1486 τῆς
505 1450 570 1478 κατὰ
576 1448 729 1509 γράμματα
748 1449 791 1476 καὶ
810 1450 869 1483 ἔθη,
887 1447 921 1485 μὴ
938 1447 1003 1483 μετὰ

209 1492 354 1531 ἐπιστήμης,
373 1492 539 1531 πραττούσης
553 1492 599 1524 τὰς
613 1491 731 1529 πραξειςς
750 1493 823 1528 ἑτέρα
838 1492 1003 1528 προςχρωμέ-

171 1548 175 1553 ·
208 1549 237 1572 νη
255 1537 334 1564 παντὶ
351 1535 494 1571 κατάδηλος
512 1540 524 1553 *
542 1534 576 1567 ῶς
593 1532 667 1562 πάντ’
685 1533 717 1561 ἆν
735 1534 855 1562 διολέσειε
873 1533 906 1560 τὰ
924 1531 1004 1569 ταύτῃ

207 1578 355 1618 γιγνόμενα.
390 1577 406 1614 ἦ
437 1581 516 1606 ἐκεῖνο
547 1576 606 1614 ἡμῖν
632 1578 806 1626 θαυμαστέον
828 1575 939 1613 μᾶλλον,
971 1574 1006 1606 ῶς

210 1620 317 1658 ἰσχυρόν
338 1633 361 1649 τι
378 1619 454 1652 πόλις
471 1621 526 1648 ἐστι
543 1618 632 1669 φύσει,-
659 1618 813 1654 πάσχουσαι
829 1618 881 1656 γὰρ
900 1617 930 1652 δὴ
948 1629 1003 1646 τοι-

211 1665 276 1692 αῦτα
296 1676 323 1691 αι
340 1662 427 1694 πόλεις
443 1662 488 1691 νῦν
502 1662 599 1715 χρόνον
617 1660 773 1698 ἀπέραντον,
797 1660 866 1697 ὅμως
884 1661 948 1688 ἓνιαί
966 1671 1003 1687 τι-

210 1718 250 1737 νες
268 1704 351 1734 αὐτῶν
367 1705 473 1742 μόνιμοί
490 1707 517 1733 τέ
533 1708 583 1733 εἱσι
600 1717 643 1732 και
659 1716 705 1732 ουκ
721 1702 919 1741 ανατρέπονται·
938 1704 1003 1730 πολ-

210 1750 253 1776 λαὶ
268 1748 318 1786 μὴν
337 1750 415 1776 ἐνίοτε
433 1748 476 1775 καὶ
493 1746 619 1784 καθάπερ
635 1749 714 1774 πλοῖα
730 1744 920 1782 καταδυόμεναι
934 1743 1003 1772 διόλ-

209 1794 296 1819 λυνται
318 1791 361 1818 καὶ
384 1789 521 1818 διολώλασι
543 1790 586 1817 καὶ
609 1790 644 1817 ἔτι
666 1789 811 1817 διολοῦνται
834 1787 875 1816 διὰ
893 1786 939 1822 τὴν
956 1787 1006 1815 τῶν

209 1833 367 1871 κυβερνητῶν
388 1833 430 1860 καὶ
453 1833 551 1860 ναυτῶν
571 1833 723 1869 μοχθηρίαν
740 1830 791 1859 τῶν
807 1831 867 1868 περὶ
884 1829 916 1858 τὰ
933 1832 1004 1867 μέγι-

166 1884 183 1902 Β
210 1888 260 1905 στα
277 1877 400 1925 μεγίστην
419 1874 526 1912 ἄγνοιαν
543 1874 692 1923 εἰληφότων
711 1874 739 1902 οἳ
753 1874 813 1910 περὶ
832 1879 836 1893 ¹
854 1872 888 1901 τὰ
905 1874 1004 1900 πολιτι-

210 1918 242 1947 κὰ
261 1916 314 1946 κατ’
333 1916 407 1946 οὐδὲν
423 1928 608 1955 γιγνωσκοντες
625 1915 748 1954 ἡγοῦνται
765 1914 831 1943 κατὰ
849 1914 936 1942 πάντα
955 1926 1004 1942 aa<

210 1964 328 1997 φέστατα
345 1960 439 1988 πασῶν
457 1960 602 1996 ἐπιστημῶν
617 1971 711 2009 ταυτην
725 1958 860 1994 εἰληφέναι.
883 1963 934 1984 NE.
951 1961 1006 1984 ΣΩ.

210 2004 398 2038 Λληθέστατα,
442 2008 504 2030 XLI
524 2007 571 2029 ΞΕ.
595 2003 639 2032 Τίς
662 2001 708 2029 οὖν
730 2001 759 2036 δη
781 2000 832 2028 τῶν
850 1997 897 2028 οῦκ
916 1997 1008 2037 ορθῶν

211 2045 346 2074 πολιτειῶν
363 2043 462 2073 τούτων
478 2043 570 2079 ἥκιστα
586 2043 687 2078 χαλεπὴ
705 2043 792 2078 συζῆν,
815 2042 909 2070 πασῶν
928 2043 1006 2076 χαλε-

212 2088 267 2116 πῶν
291 2085 387 2120 οὐσῶν,
410 2087 453 2115 καὶ
475 2088 512 2118 τίς
534 2085 677 2123 βαρυτάτῃ
706 2087 744 2114 δεῖ
764 2097 788 2114 τι
806 2085 917 2112 κατιδεῖν
934 2083 1007 2121 ἡμας,

211 2132 303 2167 καίπερ
320 2128 387 2178 πρός
403 2141 432 2167 γε
450 2128 480 2157 τὸ
498 2129 543 2157 νῦν
560 2130 693 2166 προτεθὲν
709 2126 769 2164 ἡμῖν
786 2139 918 2176 παρεργον
932 2124 1006 2164 λεγό,

211 2184 302 2210 μενον.·
321 2170 352 2200 οῦ
369 2171 419 2209 μὴν
438 2169 489 2198 ἆλλ
507 2174 542 2202 εἴς
558 2183 588 2209 γε
605 2170 635 2199 τὸ
656 2170 717 2199 σ’λον
735 2173 797 2201 ἴσως
815 2167 916 2197 ἅπανθ
937 2169 1008 2196 ἕνεκα

212 2215 259 2244 τοῦ
281 2213 402 2243 τοιούτου
423 2213 518 2245 πάντες
544 2213 642 2262 δρῶμεν
664 2225 748 2250 χαριν.
792 2218 844 2240 NE.
866 2216 922 2240 ΣΩ.
951 2214 1008 2238 Δεῖ·

170 2264 186 2283 c
212 2257 268 2289 πῶς
285 2254 309 2284 δ’
329 2255 373 2290 ου’;
402 2262 405 2276 ¹
434 2262 482 2284 ΞΕ.
506 2255 558 2291 Τὴν
580 2254 658 2291 αὐτην
675 2257 761 2284 τοίνυν
777 2253 851 2291 φάθι
868 2253 944 2291 τριῶν
962 2251 1007 2282 οῦ-

214 2300 268 2328 σῶν
286 2298 401 2334 χαλεπὴν
423 2297 624 2348 διαφερόντως
614 2298 667 2335 α’μα
685 2298 728 2326 καὶ
747 2301 844 2347 ρᾳστην
860 2298 1008 2335 γίγνεσθαι.

214 2348 265 2370 ΝΕ.
284 2346 339 2370 ΣΩ.
358 2340 422 2372 Πῶς
438 2352 501 2378 φης,·
537 2346 584 2368 ΞΕ.
607 2339 658 2369 Ουκ
677 2339 765 2372 α’λλως,
783 2338 850 2375 πλὴν
865 2339 1010 2386 μοναρχίαν

214 2397 279 2436 φημι
296 2396 340 2412 και
358 2382 449 2421 ὀλίγων
468 2382 548 2432 ἀρχὴν
565 2395 608 2410 και
626 2382 734 2415 πολλῶν,
754 2386 819 2410 εἰναι
833 2385 900 2419 τρεῖς
914 2380 1011 2411 ταύτας

213 2428 273 2465 ἡμῖν
294 2427 432 2464 λεγομένας
453 2425 500 2454 τοῦ
521 2425 564 2453 νῦν
586 2427 764 2462 ἑπικεχυμένου
785 2423 866 2463 λόγου
886 2421 941 2452 κατ’
962 2421 1009 2460 ἆρ-

213 2480 270 2505 χας.
313 2474 364 2496 ΝΕ.
383 2473 438 2496 ΣΩ.
462 2469 543 2496 Ἠσαν
563 2467 614 2506 γὰρ
637 2480 690 2496 ουν.
734 2472 782 2495 ΞΕ.
803 2465 906 2498 Ταύτας
926 2467 1012 2494 τοίνυν

215 2513 274 2548 δίχα
295 2513 428 2564 τέμνοντες
447 2512 509 2548 μίαν
531 2509 641 2545 ἑκάστην
661 2509 688 2541 ἒξ
710 2521 835 2547 ποιωμεν,
862 2508 907 2544 τὴν
925 2506 1012 2546 ὀρθὴν

213 2565 292 2592 χωρις
305 2552 497 2605 ἀποκρίναντες
513 2551 612 2581 τούτων
629 2551 747 2589 εβδόμην.
790 2557 842 2580 ΝΕ.
860 2556 916 2579 ΣΩ.
934 2550 1011 2583 Πῶς,

173 2604 188 2622 D
217 2603 221 2617 ¹
240 2602 288 2625 ΞΕ.
305 2594 346 2624 Ἐκ
362 2599 409 2633 μὲν
425 2595 469 2645 τῆς
484 2596 627 2633 μοναρχίας
645 2594 776 2631 βασιλικὴν
793 2607 835 2622 και
853 2591 1011 2631 τυραννικήν,

217 2643 242 2667 ἐκ
265 2637 288 2666 δ’
311 2651 343 2666 αυ
364 2638 415 2666 τῶν
435 2637 470 2675 μὴ
488 2638 591 2666 πολλῶν
607 2636 651 2673 τήν
669 2649 695 2665 τε
713 2635 843 2673 εὐωνυμον
861 2637 958 2673 ἔφαμεν
974 2633 1010 2663 εἶ-

217 2693 258 2708 ναι
277 2679 476 2719 ἀριστοκρατίαν
493 2681 537 2708 καὶ
555 2678 713 2719 ὀλιγαρχίαν
743 2682 768 2707 ἐκ
786 2677 809 2706 δ’
827 2679 860 2707 αὖ
877 2678 929 2707 τῶν
945 2679 1011 2706 πολ-

871 142 1163 169 PLATONIS

1015 220 1023 255 ,λ
1046 223 1096 250 λῶν
1114 221 1172 249 τότε
1188 224 1236 259 μὲν
1253 220 1335 257 ἆπλῆν
1353 220 1554 258 ἐπονομάζοντες
1573 222 1691 256 ἐτίθεμεν
1709 220 1836 257 δημοκρα-

1022 255 1024 295 λ
1046 266 1114 296 τίαν,
1137 263 1181 291 νῦν
1203 265 1230 291 δὲ
1253 275 1286 291 αυ
1307 276 1350 291 και
1371 263 1464 298 ταύτην
1481 262 1540 300 ἡμῖν
1558 265 1653 290 θετέον
1672 262 1726 290 ἐστι
1743 262 1839 297 διπλῆν.

1022 297 1024 319 Ι
1047 312 1098 334 ΝΕ.
1117 310 1172 333 ΣΩ.
1191 305 1255 336 Πῶς
1272 304 1315 340 δής
1341 317 1385 332 και
1402 307 1450 333 τίνι
1468 305 1625 342 διαιροῦντες
1641 303 1748 339 ταῦτηνς
1791 308 1838 332 ΞΕ.

1050 348 1130 376 Οὐδὲν
1148 348 1295 384 διαφέροντι
1312 347 1363 374 τῶν
1380 346 1469 379 ἄλλων,
1489 346 1545 376 οὐδ’
1563 347 1585 375 εἶ
1603 345 1717 383 τοῦνομα
1735 344 1781 381 ἤδη
1801 347 1838 374 δι-

1047 389 1129 417 πλοῦν
1151 390 1206 417 ἐστι
1224 388 1327 440 ταύτης
1355 387 1420 416 ἄλλα
1437 388 1467 417 τό
1485 401 1514 427 γε
1532 389 1598 417 κατὰ
1617 387 1712 425 νόμους
1730 394 1734 408 ¹
1755 386 1841 425 ἄρχειν
1865 394 1883 413 Ε

1048 444 1091 459 και
1112 430 1270 468 παρανόμως
1288 432 1342 458 ἔστι
1358 431 1402 458 καὶ
1419 430 1499 468 ταύτη
1517 443 1560 459 και
1578 434 1634 462 ταῖς
1653 430 1747 461 ἄλλαις.
1790 436 1840 457 NE.

1049 479 1104 501 ΣΩ.
1118 472 1190 501 Ἐστι
1210 472 1262 510 γὰρ
1281 485 1334 501 ουν.
1377 478 1425 501 ΞΕ.
1445 472 1510 501 Τότε
1526 475 1573 510 μὲν
1590 474 1675 501 τοίνυν
1692 472 1738 507 τὴν
1755 470 1842 509 ὀρθὴν

1050 515 1155 551 ζητοῦσι
1172 516 1251 543 τοῦτο
1269 514 1300 543 τὸ
1317 515 1403 551 τμῆμα
1422 513 1468 543 οῦκ
1485 515 1515 550 ἦν
1533 514 1672 552 χρήσιμον,
1695 513 1729 546 ὡς
1746 518 1772 542 ἐν
1788 517 1844 546 τοῖς

1049 556 1174 595 πρόσθεν
1193 556 1370 593 ἀπεδείξαμεν·
1391 557 1475 592 ἐπειδη
1493 558 1520 585 δὲ
1539 559 1663 594 ἐξείλομεν
1681 558 1782 592 ἐκείνην,
1797 556 1844 587 τὰς

1051 598 1074 627 δ’
1096 598 1174 630 ἄλλας
1196 600 1291 636 ἔθεμεν
1313 597 1466 636 ἀναγκαίας,
1490 602 1516 627 ἐν
1536 598 1641 630 ταύταις
1659 599 1688 634 δὴ
1706 598 1736 626 τὸ
1753 597 1842 636 παρά-

1052 654 1132 679 νομον
1153 642 1196 669 καῖ
1221 642 1328 687 ἔννομον
1354 640 1464 676 ἑκάστην
1490 642 1620 678 διχοτομεῖ
1644 640 1748 669 τούτων,
1792 646 1843 668 ΝΕ.

1051 689 1106 712 ΣΩ.
1127 683 1221 716 Έοικε,
1248 682 1343 711 τούτου
1368 682 1413 710 νῦν
1438 685 1566 721 ῥηθέντος
1590 684 1637 711 τοῦ
1663 682 1751 721 λόγου.
1795 687 1843 710 ΞΕ.

1051 728 1194 775 Μοναρχία
1215 727 1301 754 τοίνυν
1323 727 1463 760 ζευχθεισα
1483 727 1530 777 μὲν
1553 729 1579 753 ἐν
1599 724 1750 773 γράμμασιν
1776 736 1843 774 αγα-

1053 771 1123 800 θοῖς,
1143 779 1188 799 ους
1205 778 1300 805 νομους
1316 769 1430 805 λέγομεν,
1449 765 1540 804 ἆρίστη
1555 768 1648 795 πασῶν
1663 768 1712 795 τῶν
1728 767 1763 798 ἔξ·
1781 765 1844 795 α’νο-

1050 821 1100 847 μος
1118 811 1144 838 δὲ
1160 809 1259 845 χαλεπὴ
1281 822 1324 837 και
1347 807 1476 846 βαρυτάτη
1498 810 1652 844 ξυνοικῆσαι.
1680 813 1692 827 *
1720 815 1770 837 NE.
1789 814 1845 837 ΣΩ.

1052 851 1206 880 Κινδυνεύει.
1250 857 1297 880 ΞΕ.
1318 851 1370 886 Τὴν
1388 852 1414 879 δέ
1434 863 1463 889 γε
1489 851 1540 879 τῶν
1563 851 1598 888 μὴ
1623 850 1737 883 πολλῶν,
1764 850 1846 888 ὥςπερ

1052 894 1109 925 ἑνὸς
1126 895 1169 923 καὶ
1185 893 1307 929 πλήθους
1324 894 1353 921 τὸ
1373 892 1461 931 ὀλίγον
1476 896 1565 930 μέσον,
1588 892 1669 924 οὕτως
1685 892 1845 931 ἡγησάμεθα

1051 940 1132 974 μέσην
1158 935 1195 965 ἐπ’
1216 934 1362 974 ἀμφότερα·
1391 935 1436 971 τὴν
1460 934 1483 963 δ’
1504 931 1537 963 αῦ
1562 935 1609 964 τοῦ
1635 934 1756 971 πλήθους
1780 935 1846 964 κατὰ

1052 978 1138 1007 πάντα
1158 977 1261 1014 ἀσθενῆ
1278 979 1321 1006 καὶ
1334 979 1412 1015 μηδὲν
1428 977 1490 1015 μήτε
1508 976 1617 1016 ἀγαθὸν
1630 976 1693 1015 μήτε
1707 977 1787 1006 κακὸν
1800 980 1845 1015 μέ-

1052 1034 1087 1060 γα
1106 1022 1243 1058 δυναμένην
1262 1019 1296 1051 ὦς
1313 1020 1379 1058 πρὸς
1395 1020 1442 1051 τὰς
1461 1019 1538 1051 ἄλλοις
1556 1020 1597 1048 διὰ
1616 1019 1645 1048 τὸ
1665 1019 1711 1051 τὰς
1726 1018 1808 1057 ἀρχὰς
1822 1023 1848 1048 ἐν

1053 1062 1134 1101 ταύτῃ
1161 1063 1365 1100 διανενεμῆσθαι
1390 1062 1457 1091 κατὰ
1480 1062 1574 1100 σμικρὰ
1601 1062 1637 1094 εἷς
1661 1061 1780 1093 πολλούς.
1807 1061 1846 1090 διὸ

1052 1109 1142 1144 γέγονε
1160 1107 1253 1133 πασῶν
1268 1107 1316 1143 μὲν
1333 1106 1446 1142 νομίμων
1463 1105 1513 1133 τῶν
1529 1104 1664 1133 πολιτειῶν
1681 1103 1767 1133 οὐσῶν
1784 1102 1846 1133 τού-

1053 1160 1103 1176 των
1118 1150 1245 1185 χειρίστη,
1267 1146 1428 1185 παρανόμων
1448 1145 1472 1174 δ’
1492 1145 1578 1175 οὐσῶν
1600 1148 1742 1183 ξυμπασῶν
1766 1147 1846 1183 βελτί-

1055 1203 1102 1226 στη
1122 1197 1125 1210 ¹
1145 1191 1187 1218 καὶ
1207 1189 1359 1218 ἀκολάστων
1375 1192 1422 1226 μὲν
1439 1190 1532 1217 πασῶν
1550 1188 1636 1218 οὐσῶν
1651 1193 1677 1217 ἐν
1691 1190 1848 1226 δημοκρατίᾳ

1054 1233 1110 1269 νικᾷ
1129 1233 1181 1267 ζῆν,
1204 1234 1318 1269 κοσμίων
1336 1230 1359 1259 5
1381 1230 1467 1260 οὐσῶν
1483 1232 1575 1267 ἣκιστα
1594 1235 1620 1260 ἐν
1637 1230 1717 1280 ταύτῃ
1736 1232 1848 1268 βιωτέον,

1055 1279 1080 1303 ἐν
1101 1287 1132 1311 τη
1154 1286 1244 1312 πρωτη
1267 1275 1293 1302 δὲ
1316 1274 1383 1302 πολὺ
1405 1273 1510 1326 πρῶτόν
1529 1286 1556 1302 τε
1578 1286 1621 1301 και
1643 1273 1763 1311 α’ριο-τον,
1785 1272 1850 1309 πλὴν

1054 1317 1098 1352 τῆς
1124 1316 1243 1354 ἑβδόμης·
1269 1316 1362 1344 πασῶν
1386 1316 1438 1369 γὰρ
1461 1317 1554 1351 ἐκείνην
1578 1328 1608 1354 γε
1634 1318 1767 1353 ἐκκριτέον,
1793 1319 1851 1344 οἱον

1057 1359 1123 1387 θεὸν
1145 1362 1171 1391 ἐξ
1193 1357 1354 1396 ἀνθρώπων,
1383 1362 1408 1386 ἐκ
1430 1359 1481 1386 τῶν
1508 1357 1590 1386 α’λλων
1614 1359 1755 1387 πολιτειῶν.
1798 1363 1850 1387 ΝΕ.

1054 1407 1110 1432 ΣΩ.
1125 1403 1245 1432 Φαίνεται
1263 1399 1342 1431 ταῦθ
1360 1400 1426 1431 οὕτω
1443 1402 1587 1442 γίγνεσθαί
1600 1414 1626 1431 τε
1641 1401 1683 1430 καὶ
1698 1401 1850 1439 ξυμβαίνειν,

1055 1447 1098 1475 καὶ
1119 1449 1241 1496 ποιητέον
1262 1442 1328 1484 ᾗπερ
1350 1448 1435 1484 λέγεις.
1479 1451 1528 1474 ΞΕ.
1553 1444 1653 1474 Οὐκοῦν
1674 1445 1704 1480 δη
1725 1457 1768 1473 και
1791 1454 1852 1476 τους

1057 1489 1194 1520 κοινωνοὺς
1211 1487 1310 1517 τούτων
1327 1488 1378 1516 τῶν
1391 1488 1527 1516 πολιτειῶν
1539 1488 1641 1520 πασῶν,
1656 1487 1722 1523 πλὴν
1735 1487 1780 1523 τῆς
1794 1490 1850 1515 ἑπι-

1056 1531 1192 1569 στήμονος,
1213 1530 1366 1584 ἀφαιρετέον
1385 1537 1388 1551 ¹
1405 1529 1439 1562 ῶς
1457 1542 1503 1559 ουκ
1521 1529 1600 1561 ὄντας
1621 1529 1768 1561 πολιτικοὺς
1786 1527 1852 1557 ἀλλὰ

1057 1572 1266 1606 στασιαστικούς,
1285 1574 1329 1602 καὶ
1342 1571 1452 1601 εἰδώλων
1465 1574 1594 1611 μεγίστων
1607 1583 1761 1610 προστατας
1775 1570 1853 1604 όντας

1056 1629 1099 1645 και
1115 1615 1209 1647 αὐτοὺς
1223 1614 1287 1644 εἶναι
1302 1615 1444 1648 τοιούτους,
1458 1617 1596 1654 μεγίστους
1611 1613 1663 1643 δὲ’
1653 1613 1730 1646 όντας
1742 1613 1853 1652 μιμητὰς

1055 1671 1099 1687 και
1115 1658 1212 1697 γόητας
1232 1660 1370 1697 μεγίστους
1390 1660 1532 1696 γίγνεσθαι
1553 1657 1604 1686 τῶν
1622 1657 1756 1707 σοφιστῶν
1773 1668 1851 1693 σοφι-

1057 1700 1127 1732 στάς.
1172 1707 1222 1729 NE.
1239 1706 1295 1729 ΣΩ.
1313 1699 1459 1728 mmmmm
1477 1701 1554 1729 τοῦτο
1573 1700 1610 1731 εἷς
1626 1710 1687 1731 τους
1706 1697 1854 1730 πολιτικοὺς

1056 1745 1208 1782 λεγομένους
1217 1741 1430 1780 περιεστραφθαι
1440 1742 1470 1771 τὸ
1484 1743 1552 1781 ῥῆμα
1563 1740 1709 1780 ὀρθότατα.
1727 1747 1745 1770 Ξ
1750 1747 1776 1770 E.
1787 1739 1852 1769 Εἶεν.

1056 1787 1134 1815 τοῦτο
1147 1788 1194 1823 μὲν
1209 1784 1319 1821 ἀτεχνῶς
1331 1784 1390 1822 ἡμῖν
1404 1784 1486 1823 ὥςπερ
1501 1785 1595 1822 δρᾶμα,
1609 1783 1734 1821 καθάπερ
1753 1782 1853 1822 ἐρ’ῥίγθη

1057 1829 1102 1857 νῦν
1120 1828 1149 1863 δὴ
1167 1828 1343 1865 Κενταυρικον
1361 1826 1482 1865 ὁρᾶσθαι
1497 1829 1540 1855 καὶ
1554 1825 1700 1864 Σατυρικόν
1714 1838 1771 1854 τινα
1785 1827 1851 1854 θία-

1058 1883 1114 1903 σον,
1134 1870 1164 1899 ὅν
1181 1870 1212 1905 δὴ
1227 1872 1369 1908 χωριστέον
1388 1868 1441 1898 ἀπὸ
1459 1869 1589 1905 πολιτικῆς
1607 1875 1611 1890 ¹
1630 1871 1668 1904 εἴη
1685 1871 1782 1904 τέχνης·
1808 1867 1854 1896 νῦν

1058 1912 1081 1941 δ’
1103 1912 1170 1941 οὕτω
1197 1912 1266 1941 πάνυ
1290 1911 1366 1951 μόγις
1394 1914 1534 1949 ἐχωρίσθη.
1577 1917 1628 1939 ΝΕ.
1646 1916 1703 1940 ΣΩ.
1724 1911 1852 1939 Φαίνεται.

1058 1961 1106 1984 ΞΕ.
1126 1954 1228 1984 Τούτου
1246 1956 1273 1984 δέ
1289 1953 1311 1994 γ’
1333 1955 1418 1992 ἕτερον
1437 1956 1472 1983 ἔτι
1487 1953 1668 1992 χαλεπώτερον
1689 1955 1802 1981 λείπεται
1818 1953 1854 1990 τῷ

1059 2000 1175 2037 ξυγγενές
1193 1995 1222 2026 θ’
1243 1996 1310 2035 ὁμοῦ
1331 1995 1351 2025 τ’
1371 1995 1436 2025 εἶναι
1460 1997 1559 2034 μᾶλλον
1584 1996 1620 2034 τῷ
1646 1996 1767 2033 βασιλικῷ
1787 1996 1855 2034 γένει

1059 2042 1102 2068 καὶ
1134 2039 1437 2077 δυςκαταμαθητοτερον.
1470 2041 1514 2067 καί
1542 2051 1588 2076 μοι
1619 2037 1773 2076 φαινόμεθα
1798 2040 1855 2069 τοῖς

1060 2082 1105 2112 τὸν
1129 2082 1229 2120 χρυσὸν
1254 2085 1417 2119 καθαίρουσι
1442 2080 1536 2113 πάθος
1562 2081 1654 2118 ὅμοιον
1682 2082 1854 2109 πεπονθέναι.

1060 2131 1110 2153 NE.
1129 2130 1184 2153 ΣΩ.
1202 2125 1279 2158 Πῶς;
1323 2130 1371 2152 ΞΕ.
1390 2125 1442 2159 Γῆν
1462 2136 1515 2152 που
1536 2137 1580 2152 και
1602 2125 1696 2154 λίθους
1717 2123 1760 2151 καὶ
1781 2119 1852 2151 πόλλ’

1060 2166 1125 2196 ἅττα
1148 2168 1221 2216 ἕτερα
1242 2168 1411 2214 αποκρίνουσι
1432 2165 1546 2195 κακεῖνοι
1566 2165 1671 2203 πρῶτον
1688 2166 1715 2193 οῖ
1732 2166 1852 2202 δημιουρ-

1058 2211 1113 2249 γοί
1138 2209 1203 2247 μετὰ
1227 2210 1254 2237 δὲ
1275 2209 1357 2238 ταῦτα
1379 2211 1491 2237 λείπεται
1512 2210 1699 2246 ξυμμεμιγμένα
1716 2206 1750 2236 τὰ
1770 2213 1773 2228 ¹
1793 2209 1853 2245 ξυγ-

1059 2252 1119 2302 γενῆ
1137 2252 1183 2280 τοῦ
1199 2252 1300 2289 χρυσοῦ
1317 2253 1386 2303 τίμια
1404 2264 1448 2279 και
1460 2252 1526 2301 πυρὶ
1542 2250 1625 2288 μόνον
1640 2248 1775 2288 ἀφαιρετοῖ,
1788 2251 1853 2285 χαλ-

1060 2294 1105 2326 κὸς
1121 2295 1165 2322 καὶ
1184 2306 1306 2333 αργυρος,
1334 2295 1388 2322 ἔστι
1411 2293 1434 2321 5
1455 2293 1498 2322 ὅτε
1519 2306 1563 2321 και
1581 2291 1694 2331 ἆδαμας,
1715 2291 1770 2320 *δι’*
1789 2290 1855 2329 μετὰ

1062 2336 1184 2374 βασανων
1203 2340 1261 2368 ταῖς
1282 2336 1392 2373 ἑψησεσι
1412 2335 1488 2389 μόγις
1510 2335 1688 2385 ἀφαιρεθέντα
1710 2334 1756 2363 τὸν
1779 2332 1853 2373 λεγό-

1059 2392 1137 2418 μενον
1156 2378 1285 2417 ἀκηρατον
1304 2379 1404 2417 χρυσὸν
1425 2382 1512 2407 εὶασεν
1532 2377 1599 2416 ἡμᾶς
1621 2378 1683 2406 ἰδεῖν
1702 2388 1785 2418 μονον
1807 2374 1853 2404 αὗ-

1060 2422 1107 2451 τὸν
1135 2420 1171 2458 ἐφ’
1192 2422 1292 2450 ἑαυτοῦ
1337 2427 1388 2449 ΝΕ.
1412 2427 1467 2449 ΣΩ.
1489 2423 1600 2459 Λέγεται
1623 2419 1675 2458 γὰρ
1702 2420 1749 2448 οὖν
1773 2418 1855 2447 ταῦτα

1062 2463 1129 2494 οὕτω
1153 2466 1303 2503 γίγνεσθαι.
1347 2470 1422 2492 XLII.
1449 2468 1496 2492 ΞΕ.
1518 2463 1597 2491 Κατὰ
1623 2462 1670 2491 τὸν
1696 2460 1776 2490 αὐτὸν
1799 2462 1854 2490 τοί-

1061 2519 1105 2535 νυν
1122 2506 1201 2545 λόγον
1224 2509 1289 2535 {oms
1310 2507 1353 2534 καὶ
1374 2506 1419 2535 νῦν
1439 2505 1498 2544 ημῖν
1520 2505 1553 2534 τὰ
1572 2508 1619 2542 μὲν
1637 2517 1710 2542 ετερα
1727 2504 1771 2532 καὶ
1788 2501 1854 2532 ὁπό-

1063 2562 1098 2578 σα
1125 2547 1247 2586 ἆλλότρια
1277 2550 1320 2577 καὶ
1349 2549 1382 2577 τὰ
1407 2548 1442 2586 μὴ
1468 2550 1531 2585 φίλα
1560 2548 1691 2582 πολιτικῆς
1720 2545 1857 2583 ἐπιστήμης

1063 2590 1291 2629 ἇποκεχωρίσθαι,
1318 2593 1459 2620 λείπεσθαι
1480 2592 1507 2619 δὲ
1528 2590 1561 2619 τὰ
1583 2591 1652 2627 τίμια
1673 2590 1717 2618 καὶ
1743 2587 1856 2627 ξυγγενῆ.

1062 2633 1161 2663 τούτων
1178 2633 1201 2662 5'
1220 2636 1274 2663 ἐστί
1290 2646 1344 2663 που
1359 2635 1501 2673 στρατηγία
1517 2633 1561 2662 καὶ
1576 2631 1707 2668 δικαστικὴ
1722 2632 1766 2660 καὶ
1779 2630 1828 2665 ὅση
1843 2633 1856 2648 ⁸

1065 2675 1184 2713 βασιλικῖ
1204 2677 1376 2709 κοινωνοῦσα,
1399 2677 1530 2715 ῥητορεία,
1548 2677 1684 2704 πείθουσα
1702 2674 1732 2702 τὸ
1751 2675 1855 2704 δίκαιον,

1873 1629 1920 1691 λ-
