1998 3084
185 1943 220 1961 479
247 1942 259 1955 *

249 174 295 201 162

246 252 348 281 σκόπει
375 255 425 279 ποῖ
446 249 543 288 α’γομεν
563 251 607 278 καὶ
627 250 700 288 παρὰ
722 253 792 282 τίνας
813 263 874 282 τους
895 251 1038 302 κάμνρντας

245 294 277 322 τὰ
297 305 417 330 σωματα,
461 296 544 320 ΠΩΛ.
567 292 649 329 Παρὰ
671 293 731 324 τοὺς
752 292 867 330 ἶατρους,
891 305 910 321 ω
928 293 1036 331 Σωκρα-

246 347 293 367 τες
337 340 392 362 ΣΩ.
414 337 472 362 Ποῖ
492 335 519 362 δὲ
540 333 601 365 τοὺς
623 332 774 365 ἀδικοῦντας
794 347 838 362 και
859 334 920 366 τοὺς
941 333 1036 364 οἰκολαἢ

247 379 410 410 σταίνοντας,·
442 380 525 403 ΠΩΛ.
539 375 620 413 Παρὰ
638 376 699 407 τοὺς
716 376 846 409 δικαστάς,
864 379 950 417 λὲγεις.
982 383 1037 418 ΣΩ.

249 418 347 447 Οὐκοῦν
366 419 434 453 δίκην
452 417 597 451 δώσονταςς
631 423 714 446 ΠΩΛ.
737 421 810 455 Φημί
853 424 908 446 ΣΩ.
928 417 975 456 Ἆρ’
993 420 1039 447 οὐν

247 473 278 489 ου
295 459 444 496 δικαιοσύνῃ
462 471 510 487 τινι
524 458 652 497 χρώμενοι
669 459 822 493 κολάζουσιν
839 461 866 489 οἳ
884 459 975 498 ὂρθῶς
992 473 1036 489 κο-

245 503 375 535 λάζοντεςς
419 506 502 529 ΠΩΛ.
523 501 608 537 Δῆλον
629 501 666 537 δή.
709 508 765 531 ΣΩ.
783 503 975 540 Χρηματιστικη
992 506 1039 540 μὲν

247 544 297 582 ἆρα
319 546 408 575 πενίας
430 542 597 576 ἀπαλλάττει,
620 544 719 582 ἰατρικὴ
743 551 746 565 ¹
771 545 798 573 δὲ
819 544 912 577 νόσου,
936 545 990 580 δίκη
1012 546 1039 573 δὲ

246 586 388 617 ἀκολασίας
416 586 460 614 καὶ
490 584 595 617 ἀδικίας.
638 591 722 615 ΠΩΛ.
753 588 880 615 Φαίνεται.
924 592 979 615 ΣΩ.
1008 589 1040 615 Τί

246 630 292 658 οὖν
313 628 411 657 τούτων
432 626 569 656 κάλλιστόν
587 631 656 656 ἐστιν
674 625 723 666 [ὧν
740 629 845 667 λε’γεις];
889 634 972 657 ΠΩΛ.
992 631 1035 657 Τί-

246 683 295 699 νων
309 673 399 709 λέγειςς
422 675 476 698 ΣΩ.
490 671 705 720 ςΧρηματιστικῆς,
722 671 841 708 ἰατρικῆς,
858 672 931 706 δίκης.
954 676 1037 699 ΠΩΛ.

245 713 321 741 Πολὺ
340 714 460 750 διαφέρει,
479 713 499 740 ὦ
516 711 660 750 Σώκρατες,
678 712 694 748 ἡ
713 713 774 748 δίκη.
813 719 868 741 ΣΩ.
890 712 989 741 Ουκοῦν
1006 709 1038 741 αὖ

672 754 683 762 n

245 755 302 791 ἦτοι
323 754 416 790 ἡδονὴν
436 756 556 789 πλείστην
577 758 648 783 ποιεῖ
667 768 683 789 η
705 753 828 791 ἀφέλειαν
851 754 867 790 ἦ
876 754 1036 796 ἀμφότερα,

593 801 676 824 ΠΩΛ.
698 792 760 824 Ναι.
804 802 859 825 ΣΩ.
876 792 926 834 Ἆρ’
944 798 990 825 οὐν
1007 796 1037 825 τὸ

246 838 417 877 ἷατρεύεσθαι
438 838 485 874 ἡδύ
503 842 568 871 ἐστι,
591 839 634 866 καὶ
649 840 786 876 χαίρουσιν
804 840 830 867 οἱ
848 838 1038 880 ἰατρευόμενοις

245 886 329 910 ΠΩΛ.
354 879 406 910 Οὐκ
428 882 513 919 ἔμοιγε
536 881 612 909 δοκεῖ.
655 886 710 908 ΣΩ.
728 879 790 909 Ἀλλ’
812 879 939 918 ωφέλιμόν
958 893 995 930 γε.
1022 881 1038 916 ἦ

244 936 307 963 γαρς
332 930 336 944 ¹
355 928 439 951 ΠΩΛ.
459 924 521 950 Ναί.
565 928 620 950 ΣΩ.
639 921 768 961 Μεγάλου
783 923 835 961 γὰρ
853 923 933 951 κακοῦ
952 921 1036 951 ἀπαλ-

245 966 374 998 λάττεται,
397 964 458 996 ὦςτε
480 967 604 993 λυσιτελεῖ
623 963 761 1002 ὑπομεῖναι
783 965 828 1000 τὴν
847 963 976 1003 ἀλγηδόνα
995 966 1037 993 καὶ

243 1008 310 1046 ὑγιεῖ
330 1006 402 1035 εἷναι.
446 1012 528 1035 ΠΩΛ.
547 1006 611 1038 Πῶς
626 1006 678 1045 γὰρ
697 1006 741 1041 οὔ,
785 1013 839 1035 ΣΩ.
855 1003 906 1045 Ἆρ’
926 1003 972 1035 οὖν
991 1007 1035 1035 ου’-

245 1062 294 1081 τως
320 1049 352 1077 ἄν
376 1050 435 1087 περὶ
462 1049 537 1086 σῶμα
564 1047 795 1087 εὐδαιμονέστατος
821 1048 965 1087 ἅνθρωπος
991 1052 1036 1085 εἴη,

245 1091 436 1129 ἰατρευόμενος,
458 1090 473 1126 ἢ
494 1092 557 1128 μηδὲ
578 1090 682 1129 κοῖμνων
704 1091 796 1142 ἇρχήνζ·
840 1096 923 1120 ΠΩΛ.
944 1091 1036 1127 Δῆλον,

246 1135 285 1163 ὅτι
305 1135 368 1172 μηδὲ
390 1132 498 1171 κάμνων.
542 1139 597 1161 ΣΩ.
623 1132 659 1162 Οὐ
679 1133 731 1172 γὰρ
749 1133 816 1162 τοῦτ
832 1135 863 1170 ἠν
880 1132 1036 1171 εὐδαιμονία,

245 1176 279 1208 ὦς
298 1178 374 1209 ἔοικε,
392 1175 473 1204 κακοῦ
492 1174 635 1214 ἀπαλλαγή,
656 1174 719 1204 ἄλλα
737 1177 782 1212 τὴν
800 1175 915 1214 αρχὴιμ
896 1177 959 1213 μηδὲ
976 1176 1036 1212 κτῆ-

246 1231 293 1251 σις.
336 1222 420 1246 ΠΩΛ.
444 1217 514 1246 Ἔστι
540 1217 630 1246 ταῦτα.
674 1223 728 1246 ΣΩ.
752 1220 785 1246 Τί
809 1220 847 1252 δέ;
878 1217 1039 1255 ἀθλιώτερος

244 1260 356 1299 πότερος
377 1261 448 1289 δυοῖν
471 1259 585 1296 ε’χόντοιν
604 1266 607 1280 ¹
626 1260 706 1289 κακὸν
727 1259 770 1289 εἴτ’
792 1264 818 1289 ἐν
836 1273 935 1298 σωματι
953 1259 995 1289 εἴτ
1013 1264 1039 1289 ἐν

244 1304 328 1353 ψυχῇ,-
347 1316 361 1331 ο
381 1302 561 1340 ’ἰατρευόμενος
578 1315 621 1330 και
639 1301 867 1340 ἀπαλλαττόμενος
883 1303 931 1331 τοῦ
948 1302 1037 1335 κακοῦ,

243 1345 259 1382 ἢ
282 1345 296 1374 ὁ
318 1345 352 1383 μὴ
371 1344 562 1382 ἰατρευόμενος,
587 1346 649 1380 ἔχων
667 1346 705 1378 δέ,-
749 1350 833 1373 ΠΩΛ.
856 1347 979 1373 malvam!
993 1357 1039 1382 μοι

246 1387 260 1417 ὁ
277 1387 312 1425 μὴ
331 1385 517 1424 ἰατρευόμενος.
553 1392 608 1415 ΣΩ.
630 1385 730 1415 Οὐκοῦν
746 1387 776 1415 τὸ
797 1388 864 1422 δίκην
879 1386 978 1415 διδόναι
988 1399 1036 1429 με-

243 1442 336 1469 γιστου
362 1429 442 1457 κακοῦ
470 1427 605 1467 ἀπαλλαγὴ
630 1430 672 1464 η’ν,
705 1431 841 1467 πονηρίας;
885 1434 968 1457 ΠΩΛ
991 1431 1040 1457 Ἠν

244 1472 302 1525 γάρ.
335 1477 390 1500 ΣΩ.
408 1473 565 1509 Σωφρονίζει
581 1483 633 1509 γαρ
650 1483 703 1500 που
720 1473 763 1499 καὶ
781 1473 954 1509 δικαιοτέρους
970 1474 1040 1499 ποιεῖ

245 1516 288 1543 καὶ
315 1513 412 1551 ἰατρικὴ
437 1515 551 1551 γίγνεται
576 1515 701 1565 πονηρίας
725 1513 740 1549 ἡ
763 1515 824 1565 δίκη.
868 1518 952 1541 ΠΩΛ.
976 1515 1038 1540 Ναί.

246 1563 300 1585 ΣΩ.
321 1555 561 1593 Ευδαιμονέστατος
579 1557 627 1593 μὲν
645 1554 696 1593 ἄρα
715 1568 729 1584 ο
746 1556 781 1593 μὴ
801 1557 864 1591 ἔχων
883 1562 886 1576 ¹
905 1557 996 1583 κακίαν
1014 1559 1040 1583 ἐν

244 1598 323 1637 ψυχῇ,
344 1598 428 1633 ἐπειδὴ
446 1598 524 1626 τοῦτο
541 1601 664 1636 μέγιστον
680 1598 731 1627 τῶν
745 1598 830 1627 κακῶν
845 1597 933 1635 ἑφανη.
955 1602 1039 1625 ΠΩΛ.

246 1642 332 1677 Δῆλον
354 1640 390 1676 δή.
434 1646 489 1668 ΣΩ.
513 1640 638 1683 Δευτερος
662 1641 745 1676 δήπου
767 1641 781 1670 ὁ
806 1639 1039 1678 ἀπαλλαττόμενος.

246 1688 329 1712 ΠΩΛ.
343 1682 447 1711 Ἔοικεν.
491 1688 546 1710 ΣΩ.
565 1679 647 1714 Οὗτος
665 1682 688 1710 δ
708 1684 739 1719 ἦν
757 1682 771 1712 ὁ
790 1682 998 1721 νουθετουμενός
1012 1695 1039 1711 τε

246 1727 289 1754 καὶ
315 1724 530 1762 ἐπιπληττόμενος
555 1727 598 1753 καὶ
624 1726 693 1761 δίκην
720 1725 811 1758 διδούς.
863 1731 947 1754 ΠΩΛ
977 1727 1038 1753 Ναί,

245 1774 301 1796 ΣΩ.
323 1766 444 1796 Κακιστα
468 1766 519 1804 α’ρα
542 1768 570 1805 ζῇ
593 1780 606 1795 ο
631 1769 694 1802 ἔχων
716 1766 816 1796 αδικίαν
837 1781 879 1795 και
900 1767 934 1805 μὴ
954 1766 1037 1795 ἇπαλ-

245 1809 407 1847 λαττόμενος.
451 1814 533 1837 ΠΩΛ.
565 1811 692 1838 Φαίνεται.
741 1816 796 1838 ΣΩ.
835 1809 935 1838 Οὐκοῦν
964 1806 1040 1841 οὗτος

245 1851 364 1891 τυγχάνει
386 1850 432 1884 ω’ν,
456 1850 485 1883 ὅς
507 1864 539 1879 αν
560 1851 593 1880 τὰ
613 1854 722 1890 μέγιστα
742 1851 835 1880 ἀδικῶν
851 1853 895 1880 καὶ
910 1863 1041 1889 χρωμενος

245 1897 354 1934 μεγίστῃ
372 1892 455 1929 ἀδικίᾳ
475 1893 657 1931 διαπράξηται,
681 1894 741 1926 ὦςτε
761 1894 824 1932 μήτε
846 1898 1040 1923 νουθετεῖσθαι

276 1936 339 1974 μήτε
361 1935 522 1968 κολάζεσθαι
538 1935 600 1973 μήτε
618 1937 687 1972 δίκην
705 1937 816 1970 διδόναι,
839 1936 921 1974 ὥςπερ
940 1936 972 1965 σὺ
989 1936 1040 1974 φῂς

244 1978 382 2032 ’Λρχέλαον
402 1978 622 2015 παρεσκευασθαι
644 1991 687 2006 και
708 1979 769 2010 τοὺς
791 1978 884 2011 ἄλλους
900 1978 1040 2017 τυράννους

699 2026 783 2049 ΠΩΛ.
801 2020 891 2050 Ἐοικε.
934 2027 1039 2049 XXXV.

247 2069 302 2092 ΣΩ
321 2062 420 2098 Σχεδὸν
436 2062 487 2101 γάρ
505 2075 558 2091 που
575 2064 660 2096 οὖτοι,
683 2064 703 2091 ὦ
722 2063 823 2101 α’ριστε,
846 2063 875 2092 τὸ
900 2062 962 2092 αυτὸ
982 2064 1038 2091 δια-

246 2107 396 2144 πεπραγμέι
398 2117 422 2133 οι
443 2105 504 2137 εἰσί,
527 2104 610 2143 ὥςπερ
633 2117 665 2133 αν
682 2118 703 2134 ει
721 2117 758 2137 τις
775 2109 830 2137 τοῖς
846 2108 977 2144 μεγίστοις
994 2118 1038 2134 νο-

247 2147 346 2185 σήμασι
372 2146 556 2184 συνισχόμενος
582 2147 753 2185 διαπράξαιτο
778 2148 813 2185 μὴ
840 2147 937 2176 διδόναι
972 2149 1041 2183 δίκην

247 2190 297 2218 τῶν
318 2201 377 2227 περι
399 2189 428 2217 τὸ
452 2189 527 2227 σῶμα
551 2188 740 2239 ἁμαρτημάτων
761 2194 817 2222 τοῖς
842 2190 952 2227 ἰατροῖς,
977 2191 1041 2228 μηδὲ

248 2231 426 2270 ἰατρεύεσθαι,
445 2231 614 2269 φοβούμενος,
632 2232 772 2270 ὦςπεραπει
788 2236 857 2265 παῖς,
875 2232 905 2260 τὸ
923 2231 1041 2260 καεσθαι

247 2276 291 2303 καὶ
308 2274 337 2303 τὸ
356 2276 511 2311 τεμνεσθαι,
535 2273 575 2302 ὅτι
593 2280 597 2294 ¹
618 2273 740 2313 αλγεινόν.
767 2274 782 2310 ἢ
801 2273 832 2303 οὗ
850 2275 920 2303 δοκει
936 2275 980 2302 καὶ
997 2275 1041 2303 σοὶ

249 2316 342 2350 ου’τωςς
385 2321 468 2344 ΠΩΛ.
483 2315 592 2355 Εμοιγε.
636 2322 691 2345 ΣΩ
707 2315 820 2355 Ἀγνοῶν
836 2329 878 2355 γε,
901 2315 935 2348 ὡς
953 2318 1039 2349 ἔοικεν,

249 2357 305 2388 οἷόν
327 2362 395 2387 ἐστιν
417 2358 432 2393 ὴ
446 2357 535 2409 ,ὑγίεια
557 2359 600 2386 καὶ
619 2357 695 2396 ἀρετὴ
714 2370 841 2397 σωματος.
868 2358 1041 2387 κινδυνεύουσι

247 2401 299 2454 γὰρ
318 2404 344 2429 ἐκ
361 2400 412 2428 τῶν
428 2399 473 2428 νῦν
489 2399 549 2438 ἡμῖν
566 2399 767 2441 ὡμολογημένων
784 2400 905 2430 τοιοῦτόν
918 2414 943 2429 τι
956 2405 1041 2430 ποιεῖν

249 2444 292 2472 καὶ
310 2444 336 2471 οἳ
352 2442 398 2477 τὴν
415 2443 484 2478 δίκην
501 2441 646 2481 φεύγοντες,
665 2455 685 2471 ω
702 2443 788 2476 Πῶλε,
806 2443 837 2472 τὸ
857 2442 974 2482 αλγεινὸν
992 2455 1038 2471 αυ-

249 2498 296 2515 του
314 2484 451 2535 καθορᾶν,
473 2484 539 2522 πρὸς
562 2485 589 2513 δὲ
607 2485 636 2513 τὸ
648 2484 782 2538 ὠφέλιμον
799 2485 925 2522 τυφλῶς’
917 2487 981 2521 ἔχειν
998 2498 1041 2513 και

250 2527 360 2567 ἀγνοεῖν,
385 2526 439 2563 όσῳ
462 2525 624 2564 ἆθλιώτερόν
642 2530 695 2556 ἐστι
711 2528 746 2565 μὴ
763 2527 852 2566 ὑγιοῦς
869 2527 990 2565 σώματος
1006 2527 1040 2565 μὴ

248 2570 315 2609 ὑγιεῖ
330 2568 401 2607 ψυχῇ
420 2573 552 2602 συνοικεῖν,
572 2568 636 2597 ἄλλα
655 2571 749 2607 σαθρᾷ
766 2582 809 2598 και
828 2568 904 2598 ἀδίκω
919 2571 961 2598 καῖ
977 2568 1039 2598 ἄνο-

251 2615 305 2650 σίῳ
330 2612 398 2641 ὅθεν
414 2612 458 2639 καὶ
474 2611 528 2639 πᾶν
547 2617 550 2632 ¹
569 2611 698 2644 ποιοῦσιν,
718 2611 778 2643 ω’ςτε
797 2613 866 2648 δίκην
881 2612 916 2649 μὴ
935 2611 1040 2644 διδόναι,

248 2642 309 2693 μηδ
327 2653 545 2682 ἆπαλλαττεσθαι
561 2653 609 2682 τοῦ
624 2656 749 2692 μεγίστου
766 2654 858 2687 κακοῦ,
881 2667 924 2682 και
939 2653 1039 2703 χρήμα-

251 2710 283 2726 τα
300 2695 556 2734 παρασκευαζόμενοι
572 2697 615 2724 καὶ
632 2698 721 2732 φίλους
738 2698 781 2725 καῖ
799 2696 870 2728 ὅπως
885 2708 916 2725 αν
930 2708 994 2725 ωσιν
1008 2707 1042 2728 ως

245 800 316 835 εἴπερ
334 795 470 825 καλλιστόν
488 800 554 830 ,ἕο-τις

246 2023 289 2049 καὶ
315 2020 426 2059 ῥήτορας
451 2033 494 2048 και
516 2020 656 2055 &vualo-tas,-

913 172 1206 199 PLATONIS

1088 250 1271 280 πιθανωτατοι
1289 253 1374 289 λέγειν.
1392 251 1415 280 εἶ
1433 253 1459 280 δὲ
1476 251 1548 290 ἡμεῖς
1565 250 1653 287 αληθῆ
1670 250 1876 290 ὡμολογήκαμεν,

1089 296 1108 322 ὦ
1126 294 1215 325 ΙΙῶλε,
1235 291 1273 329 οἷρ
1291 293 1417 322 αἱσθανει
1433 293 1465 322 τὰ
1484 295 1657 343 συμβαίνοντα
1676 298 1702 321 ἐκ
1720 294 1766 322 τοῦ
1783 293 1876 332 λόγους

1088 336 1102 371 ἢ
1122 335 1205 372 βουλει
1224 334 1399 376 συλλογισοῖμε
1402 339 1442 363 θα
1465 334 1543 369 amni,-
1586 341 1670 364 ΠΩΛ.
1688 336 1721 363 Εἰ
1736 335 1771 373 μὴ
1788 337 1833 364 σοῖ
1847 348 1876 375 γε

1090 377 1170 408 ἄλλως
1192 378 1268 405 δοκεῖ.
1311 382 1366 404 ΣΩ.
1385 375 1434 415 Ἀρ
1451 378 1496 406 οὐν
1514 379 1645 415 συμβαίνει
1660 380 1783 416 μέγιστον
1799 378 1878 407 κακὸν

1088 419 1102 455 ἡ
1126 418 1209 447 ἀδικία
1232 430 1273 446 και
1296 418 1326 446 τὸ
1349 416 1458 452 ἀδικεῖν,·
1500 421 1780 458 ΠΩΛ.(1)αίνεταίγε.
1822 425 1877 448 ΣΩ.

1092 462 1143 489 Και
1167 468 1170 481 ¹
1192 459 1242 498 μὴν
1265 458 1400 498 ἀπαλλαγή
1420 472 1450 499 γε
1472 461 1552 497 ἑφανη
1574 461 1668 490 τούτου
1685 474 1732 490 του
1749 461 1830 490 κακοῦ
1846 461 1877 491 τὸ

1089 505 1159 538 δίκην
1176 501 1286 535 διδόναι,·
1329 507 1412 530 ΠΩΛ.
1430 502 1583 531 Κινδυνεύει.
1627 509 1682 531 ΣΩ.
1702 503 1739 532 Τὸ
1758 504 1785 532 δέ
1800 515 1830 542 γε
1843 503 1878 541 μὴ

1090 544 1188 573 διδόναι
1209 543 1303 581 ἐμμονὴ
1325 544 1372 572 τοῦ
1390 544 1483 579 κακοῦς
1526 549 1610 573 ΠΩΛ.
1630 547 1693 573 Ναί
1736 551 1792 574 ΣΩ.
1811 545 1876 574 Δευ-

1089 599 1163 624 τερον
1185 585 1236 624 α’ρα
1259 587 1313 614 ἐστὶ
1329 586 1381 614 τῶν
1397 586 1482 614 κακῶν
1497 589 1605 625 μεγέθει
1622 587 1651 615 τὸ
1672 585 1776 616 ἀδικεῖν
1802 586 1833 616 τὸ
1852 588 1878 616 δὲ

1090 628 1226 657 ἀδικοῦντα
1246 628 1281 665 μὴ
1304 627 1402 656 διδόναι
1423 629 1492 664 δίκην
1512 628 1616 657 πάντων
1636 628 1775 670 μέγιστόν
1783 641 1810 657 τε
1836 630 1879 658 καὶ

1088 671 1193 708 πρῶτον
1209 670 1293 698 κακῶν
1310 673 1427 706 πέφυκεν.
1462 676 1547 698 ΠΩΛ.
1558 669 1662 699 Ἐὀικεν.
1697 677 1752 699 ΣΩ.
1768 669 1816 723 Ἀρ
1834 683 1879 700 ουν

1090 712 1120 741 οὗ
1137 713 1196 750 περὶ
1213 711 1319 745 τούτου,
1339 713 1359 740 ὦ
1376 714 1444 748 φίλε,
1463 711 1700 750 ἦμφεςβητησαμεν,
1721 713 1753 741 σὺ
1769 715 1817 750 μὲν
1832 713 1879 742 τὸν

1086 754 1223 792 Ἀρχὲλαον
1248 753 1428 791 εὐδαιμονίζων
1452 755 1499 783 τὸν
1523 755 1556 783 τὰ
1581 758 1689 793 μέγιστοι
1713 753 1850 784 ἆδικοῦντα
1873 762 1877 776 ¹

1089 798 1157 832 δίκην
1179 795 1300 833 οὐδεμίαν
1321 796 1436 829 διδόντα,
1464 796 1512 835 ἐγὼ
1535 798 1561 825 δὲ
1582 796 1732 825 τούναντίον
1753 796 1877 835 οἰόμενος,

1087 837 1129 867 εἴτ’
1146 837 1281 876 Ἀρχέλαος
1297 836 1341 867 εἴτ’
1358 837 1434 870 ἄλλος
1452 837 1602 876 ἀνθρώπων
1616 838 1730 870 ὁςτιςοῦν
1742 839 1777 876 μὴ
1792 840 1879 868 δίδωσι

1089 882 1157 916 δίκην
1176 879 1281 914 ἆδικῶν,
1303 880 1386 917 τούτῳ
1403 880 1538 918 προςήκειν
1556 879 1642 934 οἰθλίῳ1
1659 879 1723 909 εἶναι
1741 880 1876 919 διαφερόν-

1088 934 1137 954 τως
1154 923 1205 951 τῶν
1223 921 1305 951 ἄλλων
1323 921 1479 960 ἇνθρωπων,
1498 924 1541 951 καὶ
1560 921 1600 951 ἇει
1616 923 1663 952 τὸν
1680 921 1817 952 ἇδικοῦντα
1831 923 1879 952 τοῦ

1089 964 1256 1002 ἀδικουμένου
1278 963 1440 1014 αθλιώτερον
1461 963 1526 993 εἶναι
1546 966 1590 993 καὶ
1606 965 1652 994 τὸν
1667 965 1702 1019 μὴ
1720 964 1822 994 διδόντα
1840 966 1878 994 δί-

1088 1020 1133 1043 κην
1150 1007 1197 1036 τοῦ
1216 1006 1343 1041 διδόντοςς
1371 1019 1402 1035 ου
1419 1006 1489 1035 ταυτ’
1506 1008 1536 1043 ἠν
1553 1007 1586 1035 τὰ
1602 1006 1645 1036 ὕπ’
1663 1007 1725 1045 ἐμοῦ
1742 1006 1878 1046 λεγόμενας

1088 1054 1171 1078 ΠΩΛ.
1196 1051 1258 1077 Ναί.
1302 1055 1357 1077 ΣΩ.
1383 1047 1482 1078 Ουκοῦν
1509 1048 1697 1082 ἀποδέδεικται,
1726 1049 1766 1078 ὅτι
1793 1048 1879 1086 ἇληθῆ

1089 1094 1200 1133 ἑλέγετος
1243 1096 1326 1120 ΠΩΛ
1352 1093 1479 1119 Φαίνεται.
1522 1096 1670 1119 XXXV1.*
1687 1097 1743 1120 ΣΩ
1765 1089 1831 1120 Εἶεν.
1857 1092 1881 1120 εἶ

1089 1147 1134 1163 ουν
1161 1134 1190 1170 δὴ
1211 1133 1294 1162 ταῦτα
1317 1131 1416 1169 ἀληθῆ,
1443 1145 1463 1161 ω
1484 1133 1573 1166 Πῶλε,
1600 1135 1638 1165 τίς
1658 1132 1673 1169 ἦ
1693 1133 1791 1172 μεγάλη
1806 1135 1880 1172 χρεία

1089 1177 1143 1205 ἐστὶ
1164 1176 1209 1212 τῆς
1230 1175 1375 1214 ρητορικῆς,·
1403 1176 1441 1203 δεῖ
1456 1178 1503 1213 μὲν
1519 1175 1570 1214 γὰρ
1589 1175 1618 1211 δὴ
1636 1179 1662 1204 ἐκ
1680 1188 1731 1204 των
1746 1175 1791 1204 νῦν
1809 1174 1878 1213 ὦμο-

1088 1221 1232 1257 λογημένων
1250 1217 1330 1246 αυτὸι
1347 1218 1440 1246 ἑαυτὸν
1455 1217 1568 1268 μάλιστα
1586 1217 1733 1254 φυλαττειν,
1756 1217 1826 1250 ὅπως
1845 1218 1880 1256 μὴ

1089 1260 1210 1298 ἀδικήσῃ,
1237 1259 1271 1292 ὦς
1293 1259 1382 1288 ἱκανὸν
1402 1260 1482 1288 κακὸν
1506 1261 1604 1292 ἕξοντα
1632 1272 1663 1288 ου
1688 1273 1753 1310 γαρ,-
1796 1265 1880 1288 ΠΩΛ.

1088 1302 1166 1331 Ham
1186 1315 1223 1341 γε
1267 1308 1322 1330 ΣΩ.
1343 1300 1402 1330 Εὰν
1424 1303 1451 1330 δέ
1470 1314 1508 1355 γε
1518 1301 1659 1340 ἇδικησῃ
1643 1315 1660 1338 η
1678 1300 1756 1334 αυτὸς
1771 1301 1787 1338 ἢ
1806 1301 1882 1334 α’λλος

1088 1356 1125 1376 τις
1142 1346 1178 1373 ὠν
1196 1343 1228 1372 ἄν
1245 1344 1350 1380 κηδηται
1368 1342 1447 1372 αυτὸν
1464 1343 1556 1373 ἑκόντα
1574 1345 1637 1373 ἴέναι
1655 1348 1743 1377 ἐκεῖσε,
1763 1343 1831 1373 ὅπου
1847 1343 1882 1376 ὦς

1089 1399 1199 1422 ταχιστα
1218 1386 1295 1415 δώσει
1312 1387 1389 1422 δίκην,
1407 1398 1480 1424 παρα
1498 1386 1544 1415 τὸν
1561 1386 1690 1422 δικαστήν,
1709 1386 1791 1425 ὥςπερ
1807 1386 1881 1425 παρὰ

1089 1429 1135 1457 τὸν
1153 1428 1250 1466 ἶατρόν,
1270 1428 1424 1461 σπεύδοντα,
1444 1428 1514 1460 ὅπως
1529 1428 1564 1466 μὴ
1583 1431 1754 1467 ἐγχρονισθὲν
1767 1428 1798 1457 τὸ
1815 1435 1819 1450 ¹
1835 1427 1879 1457 νό-

1089 1483 1159 1509 σημα
1185 1471 1229 1507 τῆς
1255 1469 1352 1502 ἀδικίας
1376 1470 1490 1499 ὕπουλον
1521 1471 1566 1507 τὴν
1595 1471 1680 1509 ’ψυχὴν
1710 1467 1808 1508 ποιήσῃ
1839 1471 1883 1499 καὶ

1090 1512 1206 1542 ἀνίατον
1234 1512 1249 1549 ἢ
1266 1512 1321 1544 πῶς
1338 1515 1455 1551 λέγομεν,
1475 1508 1495 1541 ὦ
1512 1512 1597 1546 Πῶλε,
1616 1516 1686 1551 εἴπερ
1704 1513 1737 1542 τὰ
1754 1513 1882 1551 πρότερον

1088 1558 1156 1593 μένει
1177 1554 1237 1592 ἡμῖν
1259 1554 1457 1593 ομολογήματας
1485 1567 1531 1584 ουκ
1554 1554 1652 1594 ἆναγκη
1674 1556 1757 1584 ταῦτα
1780 1557 1882 1587 ἐκείνοις

1091 1610 1157 1626 ουτω
1173 1600 1220 1635 μὲν
1238 1601 1391 1635 συμφωνεῖν,
1411 1596 1492 1629 αλλως
1510 1599 1536 1626 δὲ
1552 1597 1600 1636 μή,-
1635 1602 1719 1626 ΠΩΛ.
1739 1599 1771 1626 Τί
1785 1597 1836 1636 γὰρ
1852 1596 1881 1633 δὴ

1089 1640 1188 1678 φῶμεν,
1211 1641 1231 1669 ὦ
1249 1640 1398 1693 Σώκρατες,·
1441 1646 1496 1668 ΣΩ.
1517 1638 1573 1668 Επὶ
1592 1643 1639 1678 μὲν
1662 1639 1713 1678 ἆρα
1730 1639 1761 1668 τὸ
1781 1638 1880 1668 ἀπολο-

1088 1687 1200 1722 γεῖσθαι
1216 1681 1281 1721 υπὲρ
1299 1682 1343 1718 τῆς
1362 1681 1459 1714 αδικίας
1475 1682 1519 1718 τῆς
1537 1681 1617 1711 αὖτοῦ
1633 1681 1649 1717 ἢ
1666 1684 1763 1721 γονέων
1778 1681 1794 1718 ἢ
1812 1683 1879 1710 ἑταί-

1089 1738 1141 1764 ρων
1161 1724 1176 1761 ἢ
1198 1723 1329 1753 παίδων’“
1314 1738 1329 1761 η
1346 1726 1471 1766 πατρίδος
1489 1723 1627 1761 ἀδικούσης
1645 1723 1676 1754 οὗ
1691 1723 1818 1762 χρήσιμος
1834 1736 1880 1753 ου-

1090 1766 1161 1796 δὲιις
1148 1781 1163 1803 η
1181 1767 1300 1806 ῥητορικὴ
1318 1765 1388 1804 ἡμῖν,
1411 1768 1432 1795 ὠ
1450 1766 1538 1800 Πῶλε,
1562 1779 1584 1795 ει
1604 1767 1639 1804 μὴ
1661 1769 1738 1798 εἴτις
1753 1765 1882 1804 υπολοὶβοι

1091 1811 1132 1839 ἐπι
1153 1808 1304 1839 τούναντίον
1323 1815 1326 1830 ¹
1336 1813 1497 1863 κατηγορεῖν
1519 1810 1571 1838 δεῖν
1586 1808 1700 1846 μαλιστα
1716 1811 1764 1846 μὲν
1780 1809 1881 1841 ἑαυτου,

1091 1854 1177 1881 ἔπειτα
1200 1853 1227 1880 δὲ
1248 1852 1291 1880 καὶ
1312 1851 1364 1880 τῶν
1385 1852 1484 1880 οἰκείων
1505 1864 1549 1879 και
1570 1851 1621 1880 τῶν
1642 1850 1725 1879 α’λλων
1746 1862 1776 1882 ος
1793 1863 1825 1879 αν
1843 1849 1883 1879 ἀεὶ

1089 1895 1140 1923 τῶν
1161 1896 1241 1931 φίλων
1261 1893 1374 1932 τυγχάνῃ
1397 1892 1502 1926 ἆδικῶν,
1528 1894 1571 1922 καὶ
1595 1893 1630 1931 μὴ
1653 1891 1881 1931 ἀποκρύπτεσθαι,

1091 1935 1142 1965 ἀλλ’
1163 1937 1199 1968 εἷς
1220 1936 1250 1965 τὸ
1272 1936 1387 1973 φανερὸν
1409 1935 1480 1974 α’γειν
1502 1935 1531 1964 τὸ
1555 1934 1677 1973 ἀδίκημα,
1701 1937 1743 1964 ἵνα
1761 1935 1796 1973 δῷ
1814 1936 1882 1986 δίκην

1089 1992 1133 2007 και
1152 1978 1224 2017 ὑγιὴς
1244 1981 1358 2017 γένηται,
1382 1976 1532 2017 ᾇναγκαζειν
1552 1990 1579 2006 τε
1601 1979 1644 2006 καὶ
1666 1977 1746 2006 αὐτὸν
1762 1978 1806 2006 καὶ
1822 1977 1883 2009 τοὺς

1091 2020 1183 2052 α’λλους
1198 2021 1233 2058 μὴ
1252 2019 1408 2053 ἀποδειλιᾶν,
1427 2019 1492 2048 αλλὰ
1501 2032 1641 2071 παρεχεινη
1642 2032 1761 2057 μυσαντα
1776 2032 1820 2048 και
1835 2017 1880 2048 ἆν-

1090 2065 1183 2101 δρείως,
1202 2062 1283 2101 ὥςπερ
1301 2065 1398 2100 τέμνειν
1414 2063 1458 2090 καὶ
1474 2061 1545 2091 κάειν
1562 2062 1649 2100 ἳατρῳ,
1667 2062 1697 2090 τὸ
1717 2060 1826 2101 αγαθὸν
1838 2061 1882 2090 καὶ

1089 2105 1169 2134 καλὸν
1187 2105 1323 2137 διώκοντα,
1349 2104 1384 2142 μὴ
1401 2103 1619 2146 ὖπολογιζόμενον
1636 2104 1666 2132 τὸ
1686 2102 1814 2142 αλγεινόν,
1838 2103 1882 2132 ἐὰν

1087 2150 1133 2186 μέν
1149 2160 1179 2186 γε
1196 2146 1300 2185 πληγῶν
1317 2146 1377 2179 α’ξια
1396 2153 1400 2167 ¹
1418 2145 1540 2182 ἠδικηκώς
1556 2147 1584 2184 ᾗ,
1607 2146 1710 2175 τύπτειν
1726 2148 1881 2184 παρέχοντα,

1092 2189 1136 2218 ἐὰν
1154 2191 1181 2218 δὲ
1196 2190 1300 2227 δεσμοῦ,
1319 2190 1379 2222 δεῖν,
1397 2188 1442 2218 ἐὰν
1457 2190 1483 2217 δὲ
1499 2191 1593 2239 ζημίας,
1613 2187 1778 2222 ἀποτίνοντα,
1796 2188 1841 2217 εὰν
1855 2189 1882 2217 δὲ

1090 2243 1178 2271 φυγης,
1197 2231 1335 2281 φεύγοντα,
1351 2230 1397 2259 ἐὰν
1412 2232 1438 2260 δὲ
1456 2230 1584 2264 θανατου,
1602 2229 1817 2266 ἀποθνήσκοντα,
1833 2228 1880 2259 αὗ-

1090 2274 1136 2303 τὸν
1153 2274 1257 2312 πρῶτον
1276 2273 1339 2302 ὄντα
1356 2272 1502 2312 κατήγορον
1519 2274 1562 2301 καὶ
1580 2272 1660 2302 αὑτοῦ
1678 2285 1722 2301 και
1728 2285 1786 2321 “mna
1801 2271 1882 2301 αλλων

1091 2317 1190 2345 οἰκείων
1206 2317 1249 2344 καὶ
1268 2317 1308 2343 ἐπὶ
1325 2314 1408 2352 τούτῳ
1423 2314 1556 2353 χρώμενον
1572 2315 1604 2353 τῇ
1619 2314 1747 2354 ῥητορικῇ,
1766 2314 1836 2346 ὅπως
1851 2313 1882 2342 ἄν

1091 2357 1238 2394 καταδήλων
1255 2358 1306 2386 τῶν
1324 2356 1485 2395 ἆδικηματων
1501 2360 1656 2396 γιγνομένων
1672 2355 1882 2385 ἇπαλλαττωνται

1090 2401 1138 2430 τοῦ
1153 2402 1278 2441 μεγίστου
1295 2399 1384 2432 κακοῦ,
1403 2398 1508 2432 ἀδικίας
1534 2400 1622 2441 φῶμεν
1640 2410 1727 2432 ουτως,
1744 2398 1760 2435 ἢ
1776 2399 1811 2437 μὴ
1825 2398 1880 2436 905-

1089 2455 1143 2480 μεν,
1159 2443 1178 2471 ὦ
1193 2442 1283 2476 Πῶλες
1302 2446 1385 2470 ΠΩΛ.
1396 2441 1498 2471 ’Ἀτοπα
1511 2445 1565 2480 μέν,
1581 2442 1601 2470 ὦ
1615 2440 1759 2479 Σώκρατες,
1776 2447 1780 2462 ¹
1797 2442 1881 2479 ἔμοιγε

1091 2486 1172 2518 δοκεῖ,
1199 2489 1254 2516 τοῖς
1273 2487 1360 2522 μέντοι
1383 2486 1536 2523 ἔμπροσθεν
1557 2487 1619 2515 ἴσως
1641 2496 1684 2512 σοι
1710 2482 1880 2522 ομολογεῖται.

1091 2533 1146 2555 ΣΩ.
1164 2525 1264 2556 Οὐκοῦν
1277 2526 1292 2562 ἢ
1308 2525 1412 2555 κᾶκεῖνα
1430 2529 1525 2559 λυτέον,
1542 2525 1558 2562 ἢ
1575 2525 1637 2555 ταδε
1656 2524 1753 2565 ἆναγκη
1771 2525 1879 2563 συμβαί-

1091 2581 1154 2603 νεινς
1197 2574 1281 2597 ΠΩΛ.
1307 2571 1373 2602 Ναί,
1396 2568 1475 2598 τοῦτο’
1491 2581 1521 2607 γε
1540 2567 1621 2600 ου’τως
1638 2569 1695 2604 ἔχει.
1737 2573 1793 2596 ΣΩ.
1813 2564 1879 2596 Τοῦ-

1090 2613 1193 2640 ναντίον
1214 2613 1241 2640 δέ
1261 2624 1290 2651 γε
1312 2624 1345 2640 av
1365 2610 1545 2649 μεταβαλόντα
1563 2611 1585 2639 εἶ
1604 2609 1654 2648 ἄρα
1673 2611 1712 2638 δεῖ
1726 2622 1784 2639 τινα
1800 2608 1883 2640 κακῶς

1090 2658 1186 2687 ποιεῖν,
1204 2652 1247 2683 εἴτ
1265 2654 1364 2691 ἐχθρὸν
1381 2657 1430 2682 εἴτε
1449 2652 1576 2685 ὁντινοῦν,
1595 2665 1640 2681 εαν
1655 2651 1738 2690 μόνον
1752 2651 1788 2689 μὴ
1805 2649 1883 2682 aivva.-

1092 2694 1238 2732 ἆδικῆται“
1224 2697 1276 2725 υπὸ
1294 2696 1342 2725 τοῦ
1360 2695 1471 2734 ἐχθροῦ·
1493 2695 1570 2724 τοῦτο
1587 2697 1635 2733 μὲν
1650 2707 1701 2733 γαρ
1719 2693 1880 2731 εὐλαβητέον·

1905 1098 1940 1117 480

1893 1434 1922 1543 7⁷·‘R‘52
