1998 3084
724 175 1070 201 PRAEFATIO.
1673 181 1712 200 xv

81 280 265 318 possumus
289 267 373 303 item
397 279 492 302 nunc
515 267 691 314 copiosius
709 267 966 307 demonstrare,
992 273 1220 314 posteaquam
1239 267 1347 302 libros
1366 266 1524 302 Platonis
1544 268 1661 303 denuo
1680 281 1720 303 ea

79 341 195 371 mente
213 334 460 377 lustravimus,
486 339 526 369 ut
544 339 717 381 quantum
736 334 867 381 singuli
886 334 1021 368 codices
1040 334 1085 368 ad
1104 334 1390 370 conformandam
1409 335 1719 383 refingendamque

78 403 235 438 Platonis
260 401 455 438 orationem
479 406 697 436 momentum
715 401 861 443 faciant,
887 401 1016 435 certius
1035 401 1310 447 exploraremus.
1365 400 1433 436 Sed
1450 407 1531 448 post
1549 414 1604 444 ea,
1630 414 1719 448 quae

77 470 120 506 de
137 470 193 505 his
210 469 317 505 rebus
335 468 380 503 ad
398 468 539 516 singula
555 467 715 503 Platonis
734 480 840 515 opera
858 467 895 502 in
914 467 1185 503 Commentariis
1209 468 1339 503 nostris
1363 467 1535 504 Gothanis
1556 469 1719 516 plurimis

77 537 162 574 locis
180 536 409 584 exposuimus
432 535 491 571 vel
513 540 655 582 postero
678 540 834 582 tempore
854 546 1087 582 exponemus,
1113 548 1185 570 non
1203 535 1345 570 videtur
1363 536 1600 571 necessarium
1617 549 1719 584 pecu-

77 604 156 640 liari
179 603 419 651 disputatione
442 602 535 637 hanc
558 602 742 637 materiam
766 602 953 637 illustrare.
1006 601 1082 637 Hoc
1106 614 1218 637 unum
1240 602 1350 650 igitur
1367 603 1484 638 denuo
1501 604 1718 651 profitemur,

76 684 140 708 nos
164 671 295 718 ubique
320 670 482 718 inprimis
506 669 544 704 in
567 669 653 705 locis
677 669 794 704 dubiis
813 674 849 704 et
866 669 1103 704 controversis
1122 669 1173 703 ita
1192 669 1398 712 instituisse,
1418 676 1457 704 ut
1476 683 1534 705 eas
1554 671 1719 706 lectiones

76 739 342 786 susciperemus,
362 750 452 784 quae
471 749 535 772 sua
552 736 709 784 ipsarum
727 736 945 784 praestant-ia
963 736 1118 771 maxime
1136 736 1373 770 commendari
1394 737 1610 772 viderentur.

175 804 244 840 Sed
267 805 353 840 satis
371 805 458 839 haec
475 804 518 839 de
537 804 699 847 consilio,
724 803 819 850 quod
837 804 874 838 in
893 802 1098 839 adornanda
1116 803 1182 837 hac
1200 815 1346 850 operum
1365 803 1628 839 Platonicorum
1651 805 1719 840 edi-

60 873 171 909 -tione
189 873 300 908 secuti
319 884 453 908 sumus.
498 870 590 907 Nam
607 870 697 906 illud
715 870 857 917 quidem
875 871 941 906 vix
958 883 1047 918 opus
1067 875 1120 905 est
1137 882 1290 912 monere,
1310 870 1416 905 etiam
1437 871 1472 905 id
1490 871 1592 906 nobis
1610 872 1718 907 fuisse

74 940 310 988 propositum,
335 944 376 975 ut
398 939 509 975 verba
526 938 728 986 philosophi
747 951 854 985 quam
872 937 1134 973 accuratissime
1153 937 1250 985 typis
1268 937 1562 973 describerentur.
1617 937 1720 982 Quod

74 1007 256 1056 negotium
284 1006 314 1042 si
343 1007 447 1042 cessit
474 1006 639 1049 feliciter,
668 1005 705 1041 id
733 1006 895 1053 inprimis
920 1006 1026 1041 etiam
1050 1004 1198 1040 debetur
1222 1004 1420 1040 industriae
1448 1018 1489 1040 ao
1517 1006 1720 1054 diligentiae

77 1075 234 1111 virorum
251 1074 652 1121 praestantissimorum,
682 1073 720 1108 C.
745 1072 789 1108 Η.
815 1072 986 1115 Weisii,
1012 1072 1118 1115 eheu,
1143 1072 1228 1107 dum
1246 1072 1333 1107 haec
1351 1073 1553 1116 scribimus,
1579 1074 1721 1109 iamiam

75 1142 150 1179 vita
173 1141 346 1184 defuncti,
373 1147 408 1176 et
432 1141 522 1176 Car.
548 1138 659 1176 Guil.
684 1140 1067 1183 Landschreiberi,
1097 1140 1158 1186 qui
1182 1140 1286 1175 nobis
1310 1139 1348 1174 in
1373 1140 1589 1188 corrigendis
1614 1141 1720 1188 speci-

75 1209 230 1245 minibus
255 1207 520 1257 typographicis
544 1207 680 1243 auxilio
704 1220 768 1243 suo
793 1208 981 1243 affuerunt.
1021 1206 1100 1251 Quo
1118 1206 1260 1242 nomine
1282 1207 1324 1242 iis
1341 1207 1474 1255 gratias
1493 1220 1580 1254 quas
1599 1221 1719 1255 possu-

76 1289 155 1312 mus
172 1276 346 1311 maximas
364 1281 400 1311 et
417 1275 588 1311 habemus
607 1280 643 1311 et
659 1275 800 1323 publice
819 1276 966 1324 agimus.

176 1343 460 1380 Ceterum-faxit
482 1342 595 1386 Deus,
625 1348 665 1378 ut
689 1355 796 1390 opera
819 1348 941 1378 nostra
969 1355 1076 1389 quam
1103 1341 1266 1389 plurimis
1295 1342 1408 1388 prosit
1437 1348 1471 1377 et
1495 1343 1539 1376 ad
1565 1343 1719 1378 iuvanda

77 1411 300 1460 elegantioris
318 1410 498 1446 doctrinae
516 1410 634 1445 studia
652 1410 750 1445 utilis
767 1411 974 1457 reperiatur.

175 1494 286 1531 Scrib.
314 1494 453 1543 Lipsiae
480 1495 557 1530 Kal.
586 1494 662 1529 Iun.
691 1494 733 1529 A.
761 1494 959 1529 MDCCCL.

1192 1594 1228 1639 G·
1269 1595 1617 1640 STALLBAUll.
