1998 3084
739 184 1088 211 PRAEFATIO.
1702 189 1734 209 xl

98 281 140 315 D.
168 279 299 321 ,πέμψει
326 279 410 313 487.
434 277 477 312 Α.
505 272 580 320 ἡγεῖ
603 279 686 312 488.
708 276 749 311 Ε.
778 278 861 311 492.
886 275 929 310 A.
958 275 1039 307 εἴσει
1064 279 1147 312 497.
1172 276 1212 311 E.
1242 274 1376 307 διανοεῖ
1399 277 1482 311 504.
1508 275 1546 311 C.
1575 270 1738 315 μαντεύει

98 347 179 381 506.
199 344 241 379 Α.
261 339 383 388 ’ἡγήσει
403 345 486 379 508.
505 343 545 378 Ε.
574 343 651 379 VII.
670 338 747 387 ἡγεῖ
764 345 846 377 515.
866 343 905 377 B.
927 340 1075 382 διαλέγει
1096 345 1178 378 527.
1198 343 1238 378 E.
1258 338 1333 386 ἡγεῖ
1350 344 1433 378 529.
1452 343 1492 377 B.
1520 341 1613 377 VIII.
1634 336 1736 373 ἁκού-

98 421 148 443 σει
168 413 251 446 544.
271 410 309 445 G.
336 404 408 448 ἄξει
429 412 511 446 575.
531 410 574 445 A.
600 407 767 454 προκαλεῑ
786 412 868 445 576.
889 409 931 444 A.
955 404 1027 453 ›jyez
1044 412 1127 445 578.
1148 410 1189 444 A.
1217 409 1278 445 IX.
1300 403 1373 449 r‘yer
1391 411 1473 446 585.
1492 409 1532 444 Β.
1559 408 1604 443 Χ.
1623 419 1734 449 παρα-

98 477 181 516 δέξὸι
202 479 284 513 607.
303 476 347 512 Α.
372 474 469 520 κηλεῖ
488 478 570 512 607.
590 476 628 512 C.
655 474 789 508 διανοεῖ
808 478 889 512 608.
914 476 954 511 Ε.
1008 476 1131 523 Itaque
1150 477 1205 511 his
1224 477 1308 511 locis
1327 477 1506 520 omnibus,
1530 476 1737 524 praesertim

97 558 206 592 quum
221 545 326 579 etiam
343 544 492 579 aliorum
509 544 668 578 codicum
683 544 874 579 auctoritas
890 543 1041 586 accedat,
1061 544 1140 587 quis
1160 549 1213 578 est
1231 544 1317 589 quin
1336 544 1406 578 iam
1424 549 1548 591 sponte
1567 544 1738 592 largiatur

95 613 170 648 sine
194 612 266 647 ulla
289 611 512 646 dubitatione
534 610 789 645 restituendam
814 623 888 645 esse
912 611 1061 645 formam
1085 622 1106 644 a
1130 610 1253 645 scribis
1277 611 1417 658 vulgari
1440 611 1569 645 rationi
1588 611 1737 645 assuetis

94 684 225 715 temere
248 677 508 713 oblitteratam?
559 677 635 713 Hoc
658 683 776 712 autem
800 678 829 712 si
854 678 904 712 ita
927 677 1126 711 faciendum
1150 677 1393 720 statuerimus,
1418 689 1536 712 nonne
1554 678 1660 712 etiam
1678 677 1736 712 ΠΙ.

94 759 127 794 p.
147 748 231 781 413.
250 745 293 780 A.
319 740 393 788 ἡγεῖ
415 757 461 779 ex
484 744 567 779 solis
592 744 671 779 Par.
695 744 738 780 D.
764 749 800 779 et
823 757 895 779 uno
917 743 1070 779 Vindob.
1096 743 1156 778 IV.
1180 756 1214 791 p.
1235 746 1318 779 440.
1338 744 1381 778 D.
1408 742 1557 784 ἐνθυμεῖ
1575 757 1620 779 ex
1638 745 1738 779 libris

96 812 307 860 quibusdam
330 812 424 855 aliis,
448 810 492 846 X.
511 824 545 858 p.
567 813 649 847 612.
668 810 709 846 E.
735 810 827 842 αἰϊεῖ
848 824 894 846 ex
918 810 1002 846 Cod.
1022 810 1061 845 B.
1087 809 1263 846 Stobaei
1283 816 1318 846 et
1335 811 1495 858 vestigiis
1514 810 1613 846 codd.
1631 810 1737 846 Mon.

94 885 129 915 et
146 879 254 914 Flor.
274 878 317 913 X.
341 879 402 925 qui
420 891 529 926 prave
554 878 662 916 αἰτεῖς
685 878 856 925 scriptum
879 878 1026 921 habent,
1051 878 1290 913 revocandum
1314 878 1588 913 arbitrabimur?
1639 877 1739 913 Hanc

94 959 178 983 vero
201 946 375 981 rationem
399 950 584 992 sequentes
607 945 759 992 denique
783 946 888 980 etiam
913 957 1093 993 cogemur,
1122 950 1194 980 tres
1218 945 1304 980 istos
1323 951 1537 992 quattuorve
1557 946 1651 980 locos
1669 957 1738 979 am-

93 1013 242 1061 plissimi
269 1013 384 1060 operis
412 1013 602 1061 corrigere,
633 1013 671 1047 in
697 1013 827 1059 quibus
854 1013 965 1047 altera
991 1013 1165 1059 scriptura
1191 1013 1228 1047 in
1256 1013 1356 1048 libris
1383 1017 1524 1048 servata
1550 1018 1612 1048 est.
1665 1011 1739 1047 Hos

94 1081 188 1116 enim
217 1080 296 1126 quis
328 1085 381 1115 est
411 1080 472 1126 qui
503 1080 570 1115 sibi
596 1079 808 1126 persuadeat
834 1080 871 1114 in
897 1085 998 1115 tanta
1025 1080 1281 1115 contrariorum
1309 1080 1551 1127 exemplorum
1578 1079 1679 1126 copia
1705 1084 1741 1114 et

94 1147 320 1183 multitudine
348 1147 510 1182 ferendos
539 1159 580 1181 ac
609 1159 681 1182 non
709 1147 794 1181 item
822 1146 867 1182 ad
895 1147 1040 1182 alterius
1069 1147 1216 1182 rationis
1245 1147 1358 1195 legem
1385 1147 1444 1183 vel
1472 1148 1547 1182 sine
1580 1146 1739 1182 codicum

96 1215 303 1250 auctoritate
326 1213 550 1262 refingendos
574 1213 671 1255 esse?
722 1213 898 1249 Nimirum
921 1215 1020 1249 nulla
1043 1215 1147 1261 plane
1171 1214 1237 1248 hac
1260 1214 1297 1248 in
1321 1227 1359 1249 re
1383 1215 1467 1249 olim
1489 1214 1670 1250 dominata
1687 1219 1741 1249 est

98 1283 291 1329 scripturae
308 1281 476 1324 varietas,
504 1280 566 1316 sed
587 1281 700 1316 forma
721 1281 759 1315 in
782 1283 812 1311 εἴ
831 1281 1020 1316 terminata
1041 1281 1136 1328 apud
1159 1280 1344 1316 Platonem
1363 1281 1494 1328 ubique
1513 1281 1644 1328 scripta
1660 1281 1738 1316 fuit.

97 1349 218 1396 Itaque
241 1349 347 1384 etiam
370 1348 422 1383 De
445 1347 531 1395 Rep.
556 1347 600 1382 X.
625 1361 658 1395 p.
680 1349 762 1383 590.
782 1348 826 1384 D.
855 1342 1025 1380 αἰσθάνει
1049 1354 1084 1383 et
1107 1348 1191 1383 ibid.
1216 1348 1256 1383 E.
1286 1348 1376 1392 ἔῼχὲι
1400 1348 1642 1396 reponendum
1666 1361 1741 1383 esse

97 1416 346 1459 iudicavimus,
379 1416 461 1451 licet
490 1415 539 1450 ibi
569 1415 668 1451 codd.
694 1428 814 1451 omnes
840 1409 1004 1463 αἰσθάνῃ
1033 1421 1068 1451 et
1095 1415 1176 1463 ἔρχῃ
1206 1416 1299 1451 tueri
1327 1416 1526 1452 videantur.
1580 1416 1742 1451 Postulat

98 1484 191 1518 enim
208 1483 245 1519 id
262 1483 368 1532 ratio,
393 1495 483 1530 quae
507 1483 593 1518 alias
617 1483 702 1518 locis
725 1483 947 1530 paucissimis
971 1483 1128 1530 exceptis
1147 1483 1241 1531 apud
1259 1483 1444 1519 Platonem
1463 1488 1664 1519 constanter
1683 1483 1741 1518 ob-

99 1556 269 1587 servatur.

197 1617 266 1654 Sed
289 1618 374 1654 satis
398 1617 441 1653 de
464 1618 530 1654 his.
583 1617 698 1653 Lubet
720 1623 898 1666 postremo
921 1619 1043 1665 paucis
1062 1618 1243 1665 disputare
1261 1619 1368 1654 etiam
1386 1619 1428 1653 de
1448 1619 1623 1666 scriptura
1640 1630 1740 1654 voca-

99 1686 172 1720 buli
203 1682 363 1729 οἷνδρεία,
396 1698 460 1733 pro
490 1698 560 1733 qua
588 1686 648 1720 alii
674 1685 828 1732 probant
855 1680 991 1729 ἀνδρία.
1046 1684 1257 1732 Scripsimus
1285 1686 1395 1733 igitur
1424 1686 1555 1732 ubique
1585 1680 1739 1728 ἀνδρεία.

97 1751 287 1789 Enimvero
318 1765 390 1788 non
422 1753 561 1800 poetica
593 1758 646 1788 est
679 1753 766 1788 haec
798 1753 927 1795 forma,
973 1753 1077 1787 sicuti
1115 1765 1229 1799 nuper
1266 1753 1478 1799 quibusdam
1518 1753 1636 1788 visum
1677 1758 1739 1796 est,

98 1819 159 1855 sed
180 1820 310 1856 veteris
335 1819 475 1855 dialecti
499 1819 638 1855 Atticae
661 1820 820 1867 propria,
849 1824 970 1867 utpote
997 1819 1136 1855 Ionicae
1165 1821 1297 1855 formae
1331 1814 1499 1863 ἆνὸρηίη,
1528 1832 1598 1866 qua
1628 1820 1741 1854 utitur

99 1887 203 1922 etiam
220 1886 419 1922 Herodot.
440 1886 516 1922 VII.
538 1889 612 1930 99„
633 1888 824 1936 cognatior.
878 1886 930 1922 Ac
948 1887 1090 1923 videtur
1108 1899 1185 1922 eam
1202 1888 1352 1922 formam
1370 1886 1472 1922 Plato
1491 1887 1565 1934 ipse
1584 1892 1741 1934 spectare

98 1953 135 1988 in
153 1953 296 2002 Cratylo
319 1966 354 2001 p.
374 1956 458 1989 413.
482 1954 525 1989 D.
550 1954 590 1989 E.
616 1955 661 1990 ad
685 1967 789 2002 quem
813 1955 929 1989 locum
948 1967 988 1989 ea
1006 1954 1049 1989 de
1067 1967 1105 1990 re
1124 1955 1161 1989 in
1180 1954 1261 1989 edit.
1283 1953 1447 1990 Gothana
1469 1954 1740 2002 disputavimus.

98 2020 207 2056 Extat
229 2033 314 2056 vero
338 2021 399 2056 illa
422 2021 460 2056 in
483 2022 625 2068 optimis
650 2022 749 2058 libris
772 2028 845 2057 tam
870 2027 1086 2065 constanter,
1115 2027 1156 2057 ut
1178 2035 1242 2057 nos
1267 2021 1410 2068 quidem
1433 2034 1505 2056 non
1528 2021 1741 2064 dubitemus,

99 2088 184 2135 quin
206 2088 416 2136 philosopho
441 2089 572 2136 ubique
596 2089 672 2124 sine
696 2089 917 2124 dubitatione
942 2089 1161 2124 restituenda
1184 2089 1246 2132 sit,
1270 2089 1478 2136 praesertim
1502 2102 1612 2136 quum
1636 2088 1742 2123 etiam

99 2154 179 2190 libri
202 2155 391 2190 deteriores
416 2155 611 2191 innumeris
635 2157 721 2191 locis
745 2157 892 2192 eandem
917 2156 1147 2192 servaverint.
1204 2155 1319 2200 Quam
1342 2156 1380 2191 in
1403 2168 1478 2191 rem
1496 2156 1581 2191 satis
1600 2156 1668 2191 erit
1687 2155 1742 2191 vel

99 2234 187 2258 unos
205 2223 394 2258 contulisse
412 2223 506 2258 locos
524 2223 751 2271 Reipublicae
770 2236 810 2258 ac
828 2223 978 2267 Timaei,
1003 2224 1040 2258 in
1059 2224 1188 2270 quibus
1206 2223 1383 2270 reperitur
1400 2224 1629 2266 vocabulum,
1653 2235 1741 2257 com-

65 2301 67 2304 *
99 2290 229 2337 paratis
248 2290 408 2337 inprimis
427 2291 533 2326 etiam
551 2291 632 2326 libri
651 2291 741 2326 Par.
761 2290 804 2325 A.
825 2291 1034 2326 lectionibus
1054 2291 1098 2326 ad
1116 2291 1195 2326 illos
1214 2303 1328 2338 nuper
1353 2291 1514 2326 enotatis.
1567 2290 1621 2325 De
1643 2289 1742 2337 Legi—

99 2355 164 2392 bus
188 2362 307 2392 autem
323 2370 368 2392 ne
386 2357 466 2404 quis
484 2357 637 2401 dubitet,
663 2359 793 2406 quippe
813 2359 849 2393 in
868 2358 997 2404 quibus
1018 2359 1140 2405 utique
1158 2358 1306 2406 vulgata
1324 2358 1500 2405 scriptura
1517 2357 1618 2392 facile
1637 2356 1742 2392 alicui

99 2423 260 2459 videatur
283 2424 447 2460 usitatior
470 2437 561 2469 esse,
586 2425 738 2469 codices,
763 2438 851 2472 quos
876 2438 940 2461 nos
964 2438 1059 2460 nunc
1083 2426 1254 2461 habemus
1278 2425 1323 2460 ad
1347 2426 1414 2460 hoc
1437 2438 1525 2472 opus
1544 2424 1741 2460 accuratius

100 2502 278 2534 excussos,
299 2486 441 2535 ἀνδρεία
461 2493 672 2539 scripturam
690 2493 776 2528 adeo
795 2498 951 2536 tuentur,
975 2498 1015 2528 ut
1032 2493 1171 2528 nullum
1188 2493 1291 2540 plane
1310 2493 1427 2527 locum
1445 2492 1482 2527 in
1501 2505 1542 2527 eo
1561 2503 1742 2538 superesse

100 2558 374 2602 meminerimus,
399 2559 461 2606 qui
478 2564 572 2594 recte
590 2560 635 2595 ad
654 2566 809 2596 veterem
828 2561 1039 2607 scripturam
1057 2560 1311 2595 defendendam
1330 2560 1489 2595 adhiberi
1509 2564 1624 2606 queat.

198 2624 314 2672 Atque
333 2638 378 2660 ex
395 2626 451 2661 his
467 2627 552 2661 satis
568 2627 639 2662 iam
654 2627 879 2674 perspicuum
895 2628 969 2663 fore
984 2633 1161 2675 putamus,
1179 2627 1265 2674 quid
1281 2628 1326 2662 sit
1342 2627 1436 2673 quod
1454 2632 1557 2661 antea
1575 2625 1741 2667 diximus,

99 2696 280 2726 accuratae
313 2693 514 2739 scriptionis
549 2706 674 2729 caussa
707 2695 825 2729 omnia
858 2695 967 2729 fuisse
1002 2694 1118 2730 denuo
1148 2694 1332 2729 lustranda
1360 2699 1465 2740 atque
1493 2691 1740 2740 percensenda.
