1998 3084
254 181 298 201 xii
896 175 1243 201 PRAEFATIO.

237 301 239 303 ,
256 266 324 302 Sed
357 279 429 302 non
463 266 733 314 orthographica
766 270 906 300 tantum
940 266 1176 312 spectavimus
1183 279 1192 310 ;
1226 278 1350 302 verum
1383 266 1451 301 fuit
1484 266 1589 301 etiam
1621 279 1706 301 cura
1732 266 1895 301 habenda

252 334 472 382 integrorum
490 334 662 374 locorum,
687 332 717 366 si
735 333 825 367 forte
843 332 919 367 fieri
937 338 1071 379 posset,
1095 338 1136 367 ut
1153 333 1283 368 rectius
1303 333 1600 368 constituerentur
1618 339 1654 369 et
1671 334 1716 369 ad
1733 334 1895 369 veritatis

252 401 426 436 rationem
451 399 597 447 propius
626 398 896 434 adducerentur.
950 399 990 434 In
1017 412 1086 446 quo
1113 412 1259 435 munere
1285 399 1448 435 obeundo
1475 399 1608 447 duplex
1633 401 1702 436 fuit
1729 401 1895 436 officium.

253 467 395 503 Etenim
418 466 477 502 vel
500 465 660 500 codicum
684 466 894 501 lectionibus
918 466 1126 509 lustrandis,
1155 467 1184 501 si
1211 479 1282 513 qua
1304 467 1380 501 fieri
1404 471 1537 513 posset,
1564 467 1705 503 Platoni
1731 467 1897 516 prodesse

254 534 371 569 conati
390 544 528 575 sumus,
547 532 604 568 vel
624 532 730 566 etiam
748 533 959 568 coniecturis
977 534 1036 569 vel
1052 534 1221 568 faciendis
1240 533 1298 569 vel
1315 533 1552 568 admittendis.

354 599 401 635 Et
416 598 626 634 coniecturis
645 599 788 646 quidem
805 600 984 635 rarissime
1001 600 1117 635 locum
1135 600 1306 643 dedimus,
1325 612 1390 635 nec
1406 600 1475 635 nisi
1494 601 1538 635 iis
1556 602 1638 644 fere,
1657 613 1747 648 quae
1765 601 1899 636 dudum

254 666 431 702 communi
455 666 615 702 virorum
638 665 822 701 doctorum
846 668 1075 702 consensione
1100 667 1345 714 comprobatae
1369 673 1479 702 erant.
1532 667 1603 715 Ipsi
1631 673 1750 703 tamen
1778 668 1837 703 hic
1865 673 1901 703 et

254 735 326 769 illic
348 734 433 768 item
457 733 591 779 aliquid
613 734 841 777 novavimus,
867 734 896 769 si
915 735 973 770 vel
990 734 1104 770 lenior
1121 735 1179 770 vel
1198 734 1324 769 certior
1341 734 1522 770 videretur
1541 735 1698 770 ulcerum
1716 735 1899 778 medicina,

254 814 360 848 quam
384 806 424 835 ut
447 800 645 847 spernenda
667 806 768 836 esset.
823 800 926 845 Quod
944 801 1106 849 inprimis
1125 801 1168 836 de
1186 801 1229 836 iis
1248 802 1413 848 operibus
1431 801 1632 849 philosophi
1651 802 1784 838 dictum
1801 803 1900 838 volu-

255 880 343 911 mus,
363 880 452 914 quae
471 867 588 902 minus
608 868 730 903 crebro
748 873 811 903 aut
828 869 946 903 minus
965 873 1126 903 accurate
1145 880 1166 903 a
1184 868 1313 903 criticis
1331 873 1482 904 tractata
1499 874 1535 904 et
1551 869 1790 918 pervestigata
1806 874 1900 912 sunt,

254 935 365 971 veluti
390 934 433 969 de
456 933 622 983 Legibus.
676 934 716 969 ln
741 935 784 970 iis
809 935 903 970 enim
921 948 993 971 non
1012 936 1062 970 ita
1079 948 1160 970 raro
1178 936 1236 971 vel
1254 940 1390 970 mutata
1407 926 1598 971 uerborum
1616 936 1900 984 interpunctione

255 1002 313 1038 vel
345 1002 424 1036 aliis
459 1001 633 1036 similibus
668 1002 866 1037 rationibus
900 1002 1081 1037 meliorem
1109 1002 1272 1038 videmur
1301 1003 1455 1038 effecisse
1485 1003 1675 1039 verborum
1703 1004 1899 1039 lectionem.

254 1068 476 1115 Quamquam
494 1081 538 1104 ne
557 1068 595 1103 in
612 1068 656 1104 iis
675 1068 817 1115 quidem
836 1069 946 1113 libris,
965 1070 1026 1116 qui
1044 1070 1202 1117 repetitis
1220 1070 1313 1105 curis
1331 1082 1353 1104 a
1372 1070 1457 1106 viris
1474 1070 1585 1105 doctis
1603 1071 1778 1105 emendati
1796 1076 1902 1117 atque

255 1135 421 1171 illustrati
440 1140 540 1179 sunt,
565 1136 636 1171 tale
660 1136 747 1183 quid
770 1136 931 1171 tentandi
950 1137 1086 1172 occasio
1104 1137 1226 1172 defuit.
1281 1137 1390 1173 Cuius
1409 1138 1459 1172 rei
1478 1138 1614 1184 aliquot
1631 1138 1793 1185 exempla
1811 1142 1901 1172 attu-

255 1203 337 1238 lisse
369 1202 518 1238 iuvabit.
570 1202 718 1252 Legitur
750 1203 788 1238 in
818 1203 1008 1239 Phaedone
1039 1217 1073 1251 p.
1104 1206 1161 1240 73.
1190 1204 1227 1240 C.
1255 1205 1364 1253 vulgo
1391 1205 1456 1240 sic:
1491 1202 1575 1244 λέγω
1599 1202 1638 1237 δέ
1663 1214 1741 1236 τινα
1769 1199 1902 1248 τρόπον

259 1264 372 1308 τόνδε,
401 1264 465 1300 &civ
484 1279 537 1308 τις
555 1279 583 1302 u.
604 1280 632 1301 ῖ-
652 1268 679 1301 λ-
726 1270 829 1315 Quod
847 1271 957 1307 variis
975 1271 1088 1306 modis
1106 1285 1220 1319 nuper
1239 1284 1259 1306 a
1277 1272 1388 1307 doctis
1406 1277 1583 1307 tentatum
1601 1277 1669 1316 est3
1698 1271 1759 1307 sed
1776 1283 1903 1319 parum

255 1337 414 1372 feliciter.
466 1335 571 1373 Nunc
587 1337 690 1373 nobis
708 1338 746 1372 in
764 1344 917 1374 mentem
936 1339 1036 1374 venit
1054 1339 1221 1374 scribere:
1251 1337 1335 1378 λέγω
1355 1334 1392 1371 δὲ
1413 1337 1504 1370 τίνα
1524 1334 1677 1381 t90'7t0v5
1703 1334 1818 1370 nimie·
1841 1332 1903 1369 ἐάν

257 1413 310 1443 τις
325 1414 354 1434 κ·
367 1413 394 1434 τ-
407 1401 434 1434 λ-
463 1402 568 1447 Quod
586 1405 689 1440 unice
706 1418 832 1441 verum
850 1411 1027 1453 putamus.
1055 1405 1110 1441 Ita
1127 1412 1220 1442 certe
1238 1406 1340 1442 Plato
1358 1406 1465 1441 etiam
1482 1406 1535 1441 De
1552 1405 1638 1453 Rep.
1658 1406 1700 1441 Π.
1719 1418 1753 1454 p.
1768 1407 1850 1442 360.
1862 1404 1902 1440 Ε.

259 1470 309 1510 τίς
324 1461 388 1501 οὖν
404 1465 447 1514 δή
462 1465 485 1514 ή
501 1465 710 1512 διάστασις
729 1466 804 1515 ἣδε·
823 1468 935 1516 μηδὲν
954 1468 1163 1517 ἀφαιρῶμεν
1183 1483 1211 1504 κ.
1225 1471 1293 1504 uk.
1320 1473 1426 1522 Legg.
1447 1473 1507 1508 VI.
1526 1486 1560 1521 p.
1581 1475 1663 1509 780.
1683 1473 1726 1509 Α,
1748 1471 1841 1511 τίνος
1860 1467 1904 1516 δὴ

255 1531 362 1581 χάριν
380 1535 494 1568 ταῦτα
513 1535 668 1581 εἴρηταις
688 1536 800 1578 τοῦδε,
820 1533 876 1570 ὅτι
894 1535 1054 1584 φήσομεν
1065 1550 1094 1571 κ.
1108 1550 1134 1571 τ.
1146 1537 1173 1571 λ.
1201 1540 1312 1576 Porro
1328 1540 1458 1576 ibidem
1473 1553 1506 1588 p.
1521 1541 1631 1576 74.D.
1644 1541 1754 1589 vulgo
1770 1540 1905 1575 editum

257 1609 326 1639 est:
355 1594 425 1648 ἆρα
444 1602 608 1648 φαίνεται
625 1600 713 1649 ἡμῖν
731 1600 844 1645 οὕτως
862 1604 923 1638 ἴσα
942 1604 1044 1647 εἶναι,
1064 1600 1176 1650 ὥςπερ
1195 1601 1283 1638 αὐτὸ
1304 1601 1322 1638 ὂ
1341 1606 1437 1639 ἔστιν
1455 1605 1550 1647 ἴσον,
1571 1603 1593 1652 ἢ
1612 1605 1702 1639 ἐνδεῖ
1719 1617 1752 1639 τι
1771 1605 1903 1638 ἐκείνου

258 1669 306 1716 τῷ
328 1670 378 1717 μὴ
402 1670 580 1708 τοιοῦτον
601 1670 725 1710 εἶναι,
755 1669 832 1704 οἷον
858 1669 896 1704 τό
921 1671 1009 1705 ἴσον.
1063 1673 1161 1719 Quae
1186 1675 1362 1722 quomodo
1386 1675 1616 1724 intelligenda
1639 1675 1725 1719 sint,
1752 1675 1905 1710 multum

257 1740 459 1776 dubitatum
486 1746 549 1777 est.
602 1739 776 1778 Videmur
800 1746 919 1777 autem
943 1754 1039 1777 nunc
1062 1755 1201 1777 omnem
1225 1742 1469 1778 difficultatem
1495 1743 1679 1778 sustulisse
1702 1742 1904 1778 scribendo:

258 1806 304 1851 τῷ
322 1804 372 1852 μή
392 1807 558 1840 τοιαῦτα
577 1807 683 1848 εἶναι,
703 1808 779 1840 οἷον
799 1804 837 1840 τό
857 1808 951 1848 ἴσον,
977 1810 1117 1856 sequuti
1136 1810 1288 1858 vestigia
1306 1810 1465 1845 lectionis
1485 1805 1536 1854 μή
1556 1808 1718 1841 τοιοῦτον
1737 1804 1828 1841 αὐτά
1846 1809 1905 1845 vel

259 1873 371 1906 ῖαῦῑα
396 1873 504 1914 εἶναι,
531 1888 639 1922 quam
657 1881 847 1913 servarunt
865 1876 964 1912 codd.
984 1875 1076 1911 Vat.
1097 1876 1197 1912 Ven.
1216 1877 1258 1912 Π.
1280 1883 1315 1913 et
1331 1877 1358 1912 F
1366 1878 1440 1913 lor.
1460 1878 1493 1913 d.
1546 1876 1600 1929 Ita
1617 1877 1712 1912 enim
1730 1877 1906 1912 sententia

257 1942 371 1977 oritur
397 1941 500 1977 haec:
527 1955 579 1978 an
606 1956 653 1979 ea
680 1938 740 1987 (τά
762 1938 839 1986 ἴσα)
866 1956 948 1991 qua
974 1944 1017 1979 in
1043 1949 1165 1992 parte
1194 1939 1256 1987 (τι)
1284 1945 1362 1981 illo
1389 1945 1590 1993 indigent
1615 1957 1660 1980 ac
1687 1944 1906 1980 deteriora

258 2014 360 2044 sunt
388 2021 451 2053 eo,
485 2010 588 2056 quia
620 2023 704 2046 non
737 2011 846 2046 talia
880 2016 996 2054 sunt,
1031 2012 1157 2058 quale
1190 2017 1255 2047 est
1288 2013 1428 2060 ipsum
1458 2013 1648 2059 aequale.
1702 2011 1800 2055 Quae
1829 2023 1904 2046 sen-

258 2076 371 2110 tentia
402 2077 701 2124 argumentationi
729 2078 833 2125 plane
860 2084 915 2113 est
941 2079 1211 2114 accommodata.
1272 2079 1448 2115 Nimirum
1480 2080 1517 2115 in
1550 2080 1611 2115 illo
1645 2077 1773 2118 mima,
1810 2078 1905 2125 quod

257 2143 347 2179 Ven.
376 2143 417 2178 II.
446 2143 569 2187 habet,
597 2144 683 2179 latet
707 2145 905 2193 genuinum
933 2145 1100 2184 Τοιαῦτα,
1129 2146 1223 2192 quod
1249 2146 1436 2182 temeraria
1462 2147 1638 2194 scriptura
1665 2145 1827 2178 τοιοῦτον
1853 2146 1904 2181 in-

257 2216 360 2247 vecta
386 2210 621 2258 depravatum
648 2224 690 2247 ac
717 2213 793 2248 loco
823 2225 887 2248 suo
916 2213 1105 2260 expulsum
1142 2219 1210 2256 est3
1251 2220 1357 2260 atque
1390 2214 1473 2250 inde
1506 2215 1613 2249 etiam
1646 2218 1764 2250 ortum
1799 2208 1903 2252 αὖϊά,

258 2277 354 2324 quod
386 2277 457 2313 duo
497 2278 557 2313 alii
597 2278 679 2314 libri
719 2279 936 2327 adscriptum
973 2280 1115 2315 habent.
1169 2280 1371 2316 Lectionem
1410 2294 1431 2316 a
1468 2282 1571 2317 nobis
1609 2281 1810 2316 restitutam
1847 2280 1903 2315 fir-

257 2350 357 2380 mant
388 2356 479 2391 quae
510 2345 631 2392 paullo
662 2352 744 2393 post
774 2347 942 2395 leguntur
973 2360 1007 2395 p.
1034 2349 1090 2383 75.
1114 2348 1154 2382 B.
1192 2349 1436 2389 nvo-{Murenam
1463 2344 1581 2379 πάντα
1611 2346 1773 2379 τοιαῦτα
1800 2345 1904 2386 εἶναι,

259 2409 347 2443 οἷον
366 2410 484 2442 ἐκεῖνα
539 2411 642 2448 Alius
666 2413 780 2457 locus,
804 2414 866 2460 qui
890 2415 927 2449 in
952 2415 1052 2450 libris
1076 2415 1164 2450 falso
1187 2415 1402 2462 perscriptus
1427 2416 1572 2464 legitur,
1596 2428 1630 2462 p.
1652 2416 1709 2451 87.
1728 2414 1768 2449 B.
1794 2418 1903 2457 extat,

258 2479 319 2514 ubi
339 2478 437 2514 codd.
457 2491 594 2514 omnes:
624 2478 683 2510 καὶ
700 2478 734 2511 εἴ
747 2490 799 2519 τις
819 2475 995 2512 ἀπιστῶν
1014 2476 1128 2524 αὐτῷ,
1156 2482 1251 2528 quod
1274 2494 1369 2516 nunc
1393 2483 1468 2517 sine
1493 2483 1565 2517 ulla
1588 2481 1808 2517 dubitatione
1829 2493 1904 2516 mu-

258 2546 413 2581 tavimus
439 2545 477 2580 in
504 2544 538 2577 εἴ
557 2556 610 2585 τις
634 2541 824 2590 ἇῖϊισϊθίή
848 2542 960 2591 αὗῑῷ,
984 2548 1021 2583 in
1046 2561 1152 2595 quam
1175 2549 1348 2584 rationem
1372 2549 1596 2584 meminimus
1620 2548 1774 2583 incidere
1798 2548 1904 2583 etiam

256 2612 561 2648 Heindorfium
589 2618 624 2648 et
651 2613 893 2649 Dobraeum
922 2614 1111 2650 Adversar.
1141 2615 1166 2650 Ι.
1195 2628 1228 2662 p.
1261 2617 1341 2650 151.
1406 2615 1649 2650 Persuasimus
1679 2616 1772 2650 enim
1801 2615 1903 2650 nobis

258 2680 414 2726 penitus,
439 2681 615 2727 participii
641 2693 745 2715 usum
769 2693 813 2715 ne
838 2694 882 2716 ex
907 2683 1132 2717 anacoluthia
1156 2683 1298 2729 quidem
1317 2683 1581 2717 excusationem
1599 2682 1739 2717 habere.
1793 2681 1903 2717 Porro
