1998 3084
730 166 749 191 P
771 166 789 190 R
813 166 832 190 A
855 166 872 190 E
896 166 914 190 F
936 166 954 190 A
978 166 1025 189 ΤΙ
1049 167 1079 190 ί),
1683 171 1727 191 vu

88 264 196 297 verat.
250 257 318 292 Scd
336 257 530 304 optandum
548 261 602 291 est
620 269 716 299 sane,
739 262 779 291 ut
798 256 871 291 cod.
893 256 1138 291 Clarkianus
1158 262 1192 291 et
1210 257 1239 290 si
1259 257 1317 302 qui
1339 258 1369 291 ci
1389 257 1528 304 cognati
1548 263 1644 300 sunt,
1664 257 1730 292 hoc

85 327 226 362 nomine
245 323 435 370 aliquando
453 323 570 358 denuo
588 323 832 370 explorentur3
861 335 943 357 nam
970 336 1041 358 non
1069 324 1200 358 iniuria
1226 323 1389 359 videmur
1410 324 1596 371 suspicari,
1626 337 1730 359 usum

83 393 240 429 elisionis
258 396 294 427 et
310 391 429 425 hiatus
448 403 494 425 ex
512 390 556 425 iis
573 391 691 425 minus
710 390 897 437 diligenter
916 395 1098 424 enotatum
1117 402 1202 425 esse.

184 459 295 494 Porro
322 457 367 492 ad
394 457 600 492 arbitrariae
627 457 822 503 scripturae
848 469 961 504 genus
989 457 1094 491 etiam
1121 457 1250 492 formas
1278 458 1612 505 plusquamperfecti
1642 458 1679 492 in
1711 468 1729 501 1]

83 527 289 563 terminatas
306 524 507 560 referendas
529 524 753 558 arbitramur.
806 523 896 558 Nam
923 536 1138 569 quamquain
1164 529 1253 559 teste
1280 524 1502 560 Eustathio
1529 525 1573 560 ad
1601 523 1728 573 Odyss.

82 607 116 642 p.
137 595 219 629 946.
243 592 295 627 ed.
314 591 415 627 Rom.
436 605 465 614 Ξ
484 590 524 626 T.
543 590 585 625 Π.
608 603 641 638 p.
664 592 746 626 305.
767 590 819 625 ed.
838 590 932 638 Lips.
956 590 1159 625 Heraclides
1181 604 1258 626 eam
1279 592 1428 626 formam
1449 591 1578 626 Atticis
1600 593 1730 639 simpli-

84 661 169 696 citer
197 659 397 706 adscripsit,
426 658 525 693 nulla
552 658 672 693 addita
699 658 841 706 regulae
868 670 952 692 suae
981 658 1202 704 exceptione,
1232 664 1338 704 atque
1366 658 1558 693 Panaetius
1588 672 1664 693 eam
1693 660 1729 693 in

83 727 181 763 codd.
201 739 282 761 mss.
302 726 462 761 Platonis
480 726 648 773 repperit,
678 731 796 760 tamen
815 724 897 760 inde
915 725 1123 771 neutiquam
1142 725 1317 771 sequitur,
1348 730 1387 760 ut
1409 738 1485 760 eam
1504 725 1631 759 Atticis
1654 726 1729 760 ubi—

83 807 150 842 que
177 793 436 829 obtrudendam
462 805 537 828 esse
563 798 689 840 putare
716 793 829 827 liceat.
882 791 957 827 Imo
976 792 1027 826 illi
1045 792 1214 827 videntur
1232 792 1298 827 hac
1315 792 1447 839 pariter
1466 798 1571 839 atque
1589 794 1728 840 vulgari

82 860 330 897 terminatione
348 861 404 895 usi
423 872 508 903 esse,
528 872 573 895 ex
591 860 654 895 tali
673 860 870 895 variatione
888 860 1006 894 nescio
1026 872 1131 906 quam
1150 865 1349 907 repetentes
1373 860 1555 895 varietatis
1579 860 1729 907 gratiam

83 941 123 964 ac
139 928 417 964 delectationem.
470 926 510 962 Id
537 927 632 974 quod
658 940 704 962 ex
731 940 772 962 eo
798 927 1030 974 probabiliter
1063 927 1180 975 colligi
1207 927 1303 969 licet,
1331 927 1426 973 quod
1445 939 1554 973 quum
1573 927 1610 961 in
1630 927 1728 962 codd.

86 997 174 1031 aliae
204 996 338 1030 formae
365 995 450 1030 item
477 995 723 1030 insolentiores
750 995 822 1029 fere
849 999 1020 1042 perpetuo
1050 995 1122 1029 sint
1152 999 1393 1037 conservatae,
1421 1000 1497 1029 tum
1529 994 1729 1041 plusquam-

81 1063 224 1112 perfecti
246 1062 356 1097 Attici
378 1063 548 1097 memoria
574 1062 723 1110 singulis
750 1067 890 1097 tantum
916 1062 1001 1097 locis
1029 1067 1170 1098 servata
1196 1066 1259 1096 est.
1311 1061 1369 1096 Ex
1387 1074 1457 1108 quo
1476 1067 1594 1096 tamen
1613 1074 1729 1097 conse-

83 1132 203 1179 quitur
234 1130 310 1165 sine
337 1129 445 1165 dubio
471 1129 552 1172 hoc,
582 1135 621 1164 ut
647 1129 749 1172 illud,
778 1129 980 1176 ubicunque
1012 1130 1071 1165 vel
1098 1129 1191 1165 levia
1213 1129 1288 1164 eius
1312 1129 1462 1177 vestigia
1486 1129 1729 1172 remanserint,

84 1199 158 1234 sine
176 1198 249 1232 ulla
266 1197 488 1232 dubitatione
506 1197 645 1232 restitui
665 1202 835 1244 oporteat.
885 1196 924 1247 Id
943 1196 1037 1243 quod
1056 1197 1218 1243 plurimis
1237 1197 1322 1231 locis
1341 1196 1437 1230 haud
1456 1201 1662 1231 cunctanter
1681 1196 1731 1231 ita

83 1265 243 1308 fecimus3
272 1269 377 1311 atque
396 1269 496 1299 tanto
514 1264 632 1299 minus
651 1277 715 1299 nos
734 1264 841 1299 huius
859 1264 1017 1310 poenitet
1035 1263 1186 1306 consilii,
1215 1263 1310 1310 quod
1336 1263 1425 1298 illud
1451 1276 1564 1310 nuper
1585 1263 1730 1312 diligen-

86 1333 174 1369 tiore
193 1332 321 1367 codicis
338 1331 450 1366 Paris.
475 1330 518 1366 A.
540 1332 727 1367 collatione
748 1344 819 1366 non
841 1331 1064 1366 mediocriter
1087 1331 1322 1366 commendari
1342 1336 1447 1377 atque
1474 1331 1623 1365 stabiliri
1642 1331 1730 1367 vidi-

86 1413 175 1435 mus.
229 1399 262 1434 Is
281 1399 376 1434 enim
394 1399 431 1433 in
449 1398 657 1445 Republica,
690 1398 859 1447 Legibus,
898 1398 1056 1441 Timaeo,
1084 1398 1162 1433 aliis
1181 1399 1361 1446 operibus,
1390 1398 1600 1445 scripturam
1626 1398 1728 1433 istam

84 1480 155 1503 non
180 1467 302 1514 paucis
329 1466 414 1501 locis
441 1466 574 1513 primae
601 1478 727 1501 manus
755 1466 964 1501 auctoritate
993 1466 1191 1509 confirmat,
1221 1478 1331 1512 quum
1358 1466 1435 1500 aliis
1463 1466 1550 1505 locis
1568 1466 1730 1512 plurimis

84 1535 190 1570 etiam
207 1534 390 1582 vulgarem
408 1538 552 1568 tueatur
569 1534 728 1569 formam.
783 1532 851 1568 Sed
878 1547 912 1569 v.
942 1546 1032 1579 quae
1051 1533 1093 1568 de
1112 1533 1234 1568 eadem
1261 1546 1298 1568 re
1326 1534 1554 1580 exposuimus
1581 1546 1662 1567 ann.
1686 1533 1730 1567 ad

85 1600 202 1650 Symp.
221 1614 254 1648 p.
278 1602 358 1636 198.
379 1600 417 1636 O.
443 1600 545 1648 Apol.
566 1599 661 1636 Socr.
680 1614 714 1648 p.
736 1602 793 1635 22.
813 1601 855 1635 D.
877 1603 934 1636 31.
954 1600 996 1635 D.
1016 1600 1156 1636 Menon.
1175 1613 1208 1647 p.
1231 1602 1288 1636 80.
1307 1601 1350 1635 D.
1371 1600 1423 1635 ed.
1445 1599 1548 1636 Goth.

183 1668 254 1703 Iam
274 1681 359 1704 vero
378 1668 526 1704 eandem
544 1668 717 1705 rationem
735 1669 840 1704 etiam
860 1667 1076 1716 sequendam
1094 1680 1169 1703 esse
1189 1667 1423 1704 iudicavimus
1442 1668 1479 1703 in
1500 1668 1730 1703 nominativis

83 1737 207 1772 tertiae
229 1736 473 1771 declinationis
495 1737 533 1772 in
559 1747 597 1780 ης
618 1749 683 1784 pro
705 1740 753 1776 εἷς
774 1737 982 1772 terminatis.
1036 1736 1126 1771 Nam
1146 1742 1331 1783 utramque
1349 1736 1635 1771 terminationem
1652 1735 1729 1770 Pla-

84 1804 158 1839 toni
175 1804 284 1838 fuisse
303 1804 480 1846 usitatam,
500 1804 655 1839 dubitari
675 1810 769 1840 certe
786 1805 884 1839 nullo
902 1804 1007 1839 modo
1024 1809 1151 1851 potest,
1171 1816 1384 1850 quamquam
1403 1809 1540 1838 veteres
1558 1815 1729 1851 gramma-

83 1871 143 1906 tici
164 1871 324 1913 alteram,
353 1883 442 1917 quae
461 1872 499 1906 in
517 1871 559 1915 ῆς
578 1872 667 1915 exit,
695 1872 901 1919 simpliciter
918 1871 1075 1906 Atticam
1092 1876 1236 1913 vocant3
1265 1870 1307 1905 de
1335 1883 1405 1917 qua
1431 1883 1468 1905 re
1496 1871 1658 1905 consulas
1685 1870 1727 1904 A.

84 1937 278 1973 Matthiae
305 1936 364 1974 Gr.
393 1938 510 1986 Ampl.
534 1936 563 1984 ξ.
585 1940 642 1974 83.
671 1951 701 1973 a.
729 1951 810 1973 ann.
836 1940 868 1973 5.
895 1951 930 1986 p.
953 1939 1023 1973 234
1043 1951 1093 1985 sq.
1121 1938 1175 1973 ed.
1202 1937 1261 1972 ΠΙ.
1293 1943 1327 1973 et
1354 1950 1442 1984 quos
1472 1938 1529 1972 ille
1558 1937 1727 1972 laudavit.

83 2004 272 2041 Enimvero
294 2005 560 2041 insolentiorem
590 2011 623 2040 et
646 2006 815 2041 rariorem
837 2006 987 2041 formam
1009 2005 1212 2040 credibilius
1236 2011 1289 2040 est
1310 2018 1330 2039 a
1349 2005 1472 2040 scribis
1491 2005 1728 2040 oblitteratam

84 2085 158 2108 esse
179 2085 282 2120 quain
308 2078 444 2116 contra,
472 2078 512 2108 ut
528 2074 685 2120 profecto
704 2073 833 2108 rationi
852 2078 1128 2108 consentaneum
1148 2073 1207 2115 sit,
1235 2073 1346 2107 sicubi
1370 2073 1446 2107 eius
1465 2073 1616 2120 vestigia
1634 2084 1728 2119 repe-

84 2139 224 2175 riuntur
242 2140 471 2186 quantumvis
489 2141 625 2183 tenuia,
652 2141 702 2175 ibi
721 2153 798 2175 eam
816 2140 956 2175 Platoni
975 2140 1171 2175 restituere.

184 2206 487 2251 Quemadmodum
514 2213 633 2242 autem
660 2208 697 2242 in
722 2208 868 2250 talibus,
896 2220 1047 2254 quorum
1066 2219 1152 2242 usus
1170 2207 1358 2242 fluctuavit
1377 2207 1471 2253 apud
1489 2213 1639 2249 veteres,
1666 2218 1729 2253 per

86 2274 202 2310 omnia
219 2274 397 2309 codicibus
416 2273 729 2310 obsecundandum
747 2274 903 2317 videtur,
922 2275 972 2309 ita
990 2274 1146 2321 quidem,
1166 2280 1206 2309 ut
1224 2274 1359 2309 rariora
1376 2279 1482 2320 atque
1501 2273 1730 2308 insolentiora

87 2341 191 2376 etiam
208 2342 272 2384 ibi,
300 2341 361 2376 ubi
386 2342 568 2377 obscurior
591 2342 733 2377 illorum
756 2342 926 2377 memoria
944 2346 1119 2389 superest,
1147 2341 1346 2377 revocanda
1365 2342 1451 2385 sint;
1480 2341 1530 2376 ita
1548 2341 1598 2375 illi
1617 2341 1728 2375 multo

86 2409 195 2457 magis
213 2409 320 2444 etiam
337 2409 375 2444 in
394 2409 437 2444 iis
455 2409 623 2445 videntur
642 2409 808 2444 audiendi
828 2422 919 2452 esse,
946 2421 1037 2456 quae
1061 2414 1156 2444 certa
1178 2409 1251 2444 fere
1275 2414 1310 2443 et
1334 2409 1509 2444 constanti
1535 2408 1609 2456 lege
1629 2420 1728 2442 usur-

86 2481 168 2523 pata
183 2477 337 2512 fuerunt.
391 2475 487 2520 Quin
505 2477 612 2512 etiam
629 2477 696 2512 hoc
714 2477 751 2511 in
769 2489 897 2525 genere
916 2477 1057 2525 longius
1075 2481 1129 2511 est
1145 2475 1452 2525 progrediendum.
1505 2474 1595 2510 Nam
1617 2474 1727 2508 sicubi

87 2543 208 2590 optimi
231 2543 312 2579 libri
337 2545 486 2579 formam
509 2544 664 2590 aliquam
687 2550 749 2579 aut
773 2545 984 2591 scripturam
1007 2544 1066 2580 vel
1083 2543 1395 2592 grammaticorum
1412 2547 1497 2579 vett.
1518 2541 1728 2576 testimoniis

88 2609 259 2645 firmatam
277 2611 335 2647 vel
353 2612 431 2646 aliis
450 2611 492 2646 de
512 2611 644 2646 caussis
661 2612 881 2658 probabilem
905 2617 1011 2657 atque
1035 2611 1244 2645 auctoritate
1263 2611 1437 2645 munitam
1470 2616 1542 2644 tam
1570 2616 1727 2642 coustan-

88 2680 142 2711 ter
166 2678 332 2721 offerunt,
361 2684 401 2713 ut
427 2679 628 2725 paucissimi
656 2679 903 2726 relinquantur
930 2679 1012 2721 loci,
1038 2678 1074 2712 in
1094 2678 1223 2724 quibus
1243 2690 1283 2711 ea
1301 2690 1371 2711 non
1392 2682 1605 2723 compareat.
1634 2674 1728 2708 haud
