1998 3084
193 590 210 607 D

178 1223 214 1240 ¹240

239 169 271 195 84
913 164 1206 192 PLATONIS

238 260 287 286 γον
304 248 483 285 φθέγξασθαί
499 258 522 273 τι
539 246 598 281 περὶ
617 242 704 273 αὖτοῦ.
748 249 842 272 ΘΕΑΙ.
860 243 950 278 Πολλὴ
963 242 1030 280 μέντ’

242 289 273 317 ἄν
293 301 324 340 με
346 290 389 316 καὶ
412 287 511 318 ἄτοπος
534 288 587 322 ἔχοι
603 288 742 323 προθυμία
762 292 765 306 ¹
785 286 829 321 τῆς
847 285 1031 323 ἑπιχειρησεως,

240 332 262 360 εἰ
281 333 310 359 σε’
327 328 434 358 τοιαῦθ’
452 328 519 366 ὁρῶν
535 340 674 363 πασχοντα
693 326 771 358 αυτὸς
789 329 948 364 ἐπιχειροίην
984 332 1032 356 ΞΕ

240 371 302 401 ,Αλλ
323 372 345 400 εἷ
367 373 447 402 δοκεῖ,
471 372 500 398 σὲ
521 372 567 407 μὲν
588 382 632 397 και
653 372 695 406 ἐμὲ
710 371 809 406 χαίρειν
827 369 915 406 ἐῶμεν·
943 370 989 400 ἕως
1007 368 1030 396 δ’

241 414 272 442 α’ν
289 426 337 442 τινι
355 414 483 449 δυναμένῳ
502 412 565 448 δρᾶν
582 409 649 440 τοῦτ’
668 410 864 450 ἐντυγχάνωμει,
882 413 955 448 μέχρι
969 423 1030 439 του-

241 469 287 484 του
308 458 429 494 λέγωμεν,
453 453 487 485 ὦς
507 453 606 485 παντὸς
621 453 720 490 μᾶλλον
737 452 891 491 πανούργως
908 453 944 484 εἰς
962 452 1030 481 ἄπο-

239 510 286 535 ρον
304 497 317 526 ὀ
337 496 464 533 σοφιστὴς
480 495 564 524 τόποι
581 496 742 524 καταδέδυκε.
778 500 872 523 ΘΕΑΙ.
890 496 945 523 Καὶ
961 494 1032 532 μαλα

239 540 268 575 δὴ
289 541 416 575 φαί.νεται
460 543 508 567 ΞΕ.
532 538 678 576 Τοιγαροῦν
700 540 727 566 εἰ
743 549 800 565 τινα
818 536 936 574 φήσομεν
953 535 1033 565 αὐτὸν

239 584 303 617 ἔχειν
319 580 495 617 φανταστικὴν
511 582 606 615 τέχνην,
625 580 718 618 ῥᾳδίως
734 583 760 607 ἐκ
775 579 869 614 ταύτης
882 580 927 614 τῆς
943 585 946 599 ¹
961 581 1030 616 χρεί-

239 634 270 655 ας
290 623 341 651 τῶν
362 622 447 660 λόγων
469 620 721 659 ἀντιλαμβανόμενος
740 620 812 658 ἡμῶν
829 621 865 652 εἷς
882 619 1033 649 τούναντίον

239 664 400 703 ἀποστρέψει
417 663 478 696 τοὺς
494 663 599 717 λόγους,
619 663 683 692 ὅταν
700 663 869 692 εἶδωλοποιὸν
887 662 967 691 αὐτὸν
984 675 1030 690 κα-

237 707 330 745 λῶμεν,
354 705 487 758 ἀνερωτῶν
508 708 533 734 τί
552 718 617 735 ποτε
639 706 669 734 τὸ
691 704 819 743 παράπαν
836 706 941 734 εἴδωλον
957 707 1030 753 λέγο-

237 762 291 788 μεν.
318 752 426 778 σκοπεῖν
448 760 494 777 ουν
514 747 574 786 χρή,
597 760 617 776 ω
637 749 768 783 Θεαίτητε,
792 749 817 775 τί
836 758 874 778 τις
894 747 929 784 τῷ
947 758 1032 781 νιεαιιᾳ

238 791 305 830 πρὸς
321 791 351 820 τὸ
371 794 533 828 ερωτωμενον
551 789 734 827 ἀποκρινεῖται,
769 794 863 817 ΘΕΑΙ
882 789 974 824 Δῆλον,
994 788 1034 816 ὁτι

238 845 357 871 φησομεν
377 831 411 861 τοῖ
432 845 459 861 τε
481 836 508 861 ἐν
528 836 584 863 τοῖς
603 831 682 860 ὕδασι
699 832 742 860 καὶ
759 830 916 868 κατόπτροις
933 831 1032 862 εἴδωλα,

240 878 276 905 ἔτι
296 876 340 904 καὶ
360 875 393 904 τὰ
410 877 574 914 γεγραμμένα
592 875 636 902 καὶ
652 873 685 902 τὰ
702 876 865 910 τετυπωμέια
884 873 927 900 καὶ
944 867 1033 904 τᾶλλα,

240 917 292 947 ὅσα
314 930 368 946 που
387 915 484 946 τοιαῦτ’
506 915 557 945 ἔστ
578 917 660 953 ἕτερα.
702 921 817 943 XXVIII.
839 920 888 943 ΞΕ.
910 913 1033 951 Φανερός,

239 972 260 989 ω
279 961 413 996 Θεαίτητε,
435 957 461 987 εἷ
479 957 607 995 σοφιστὴν
629 963 634 979 ¹
652 955 700 993 οὐχ
721 956 847 995 ἑωρακώς.
891 961 984 984 ΘΕΑΙ.
1005 957 1036 983 Τί

240 1001 284 1038 δής
327 1008 375 1030 ΞΕ.
403 1001 481 1033 Δόξει
507 1013 551 1029 σοι
575 1000 648 1037 μύειν
672 999 688 1035 ἦ
711 998 880 1027 παντάπασιν
901 997 947 1027 οὐκ
971 999 1035 1033 ἔχειν

241 1044 354 1083 ὄμματα.
398 1048 492 1072 ΘΕΑΙ.
510 1042 585 1075 Πῶς,’
615 1047 664 1071 ΞΕ.
684 1041 735 1077 Τὴν
753 1039 891 1078 ἀπόκρισιν
909 1040 973 1068 ὅταν
988 1040 1033 1068 οὕ-

240 1097 290 1118 τως
307 1084 376 1124 αὐτῷ
395 1084 478 1123 διδῷς,
498 1084 570 1123 [ἐὰν]
590 1087 616 1112 ἐν
633 1082 789 1121 κατόπτροις
805 1082 820 1119 ἦ
838 1081 976 1120 πλασμασι
994 1085 1033 1110 λέ-

239 1139 288 1168 γης
304 1140 340 1161 τι,
362 1126 569 1166 καταγελασεταί
585 1138 636 1155 σου
652 1125 704 1154 τῶν
721 1125 817 1164 λόγων,
840 1124 904 1153 ὅταν
926 1124 960 1156 ὦς
978 1125 1033 1161 βλέ-

240 1183 316 1200 ποντι
333 1172 408 1208 λέγης
426 1167 502 1207 αὐτῷ,
520 1167 742 1206 προςποιούμενος
759 1167 819 1196 ου’τε
836 1179 971 1204 κατοπτρα
988 1166 1033 1195 οὔ-

240 1225 267 1242 τε
287 1212 371 1241 υδατα
393 1217 406 1230 *
427 1210 577 1250 γιγνώσκειν
598 1222 657 1239 ουτε
674 1210 704 1239 τὸ
723 1222 850 1248 παραπαν
868 1208 937 1246 ὄψιν,
960 1208 990 1237 τὸ
1010 1207 1033 1236 6

242 1259 268 1284 ἐκ
293 1254 346 1284 τῶν
370 1253 454 1293 λόγων
480 1253 601 1292 ερωτήσει
626 1264 656 1281 σε
681 1251 771 1289 μόνον.
815 1256 908 1280 ΘΕΑΙ.
934 1255 1034 1283 Ποῖον;

241 1303 290 1327 ΞΕ.
310 1296 346 1325 Τὸ
366 1296 408 1325 διὰ
425 1295 530 1324 πάντων
547 1294 657 1328 τούτων,
680 1293 697 1322 δι’
718 1294 802 1323 πολλὰ
824 1294 904 1322 εἰπὼν
924 1292 1036 1329 ἠξίωσας

241 1340 277 1368 ἑνὶ
294 1341 441 1391 προςειπεῖν
459 1336 582 1388 ὀνόματιζ
597 1336 783 1375 φθεγξαμενος
799 1337 904 1364 εἴδωλον
922 1336 963 1363 ἐπι
980 1336 1033 1362 πᾶ-

241 1394 284 1411 σιν
304 1379 339 1413 ὦς
360 1381 386 1409 ἓν
407 1379 445 1409 ὄν.
472 1382 527 1418 λέγε
550 1380 597 1408 οὖν
617 1392 661 1407 και
683 1378 782 1420 ἀμυνου
797 1379 876 1415 μηδὲν
892 1376 1036 1414 ὑποχωρῶν

241 1423 287 1452 τὸν
305 1422 395 1461 ἄνδρα.
439 1427 532 1450 ΘΕΑΙ.
553 1424 584 1450 Τί
598 1421 670 1457 δῆτα,
689 1422 709 1449 ὠ
725 1423 786 1454 ξένε,
804 1422 909 1448 εἴδωλον
925 1419 956 1448 ἄν
970 1423 1033 1456 φαῖ-

239 1478 287 1504 μεν
307 1463 372 1494 εἶναι
393 1464 459 1500 πλήν
478 1476 508 1503 γε
530 1464 560 1492 τὸ
583 1463 649 1501 πρὸς
671 1462 815 1498 τᾶληθινὸν
834 1461 1036 1499 ἀφωμοιωμένον

242 1509 329 1546 ἕτερον
344 1506 478 1540 τοιοῦτον;
513 1511 561 1534 ΞΕ.
576 1505 679 1543 Ἕτερον
697 1506 723 1533 δὲ
741 1507 820 1544 λέγεις
836 1504 957 1533 τοιοῦτον
973 1502 1034 1538 αλη-

242 1549 329 1582 θινόν,
346 1548 362 1585 ἧ
381 1550 423 1577 ἐπὶ
440 1550 488 1577 τίνι
505 1548 535 1577 τὸ
554 1548 675 1577 τοιοῦτον
694 1554 697 1568 ¹
717 1552 798 1580 εἶπες,·
834 1552 927 1575 ΘΕΑΙ.
949 1546 1034 1574 Ουδα-

239 1592 293 1630 μῶς
311 1590 440 1641 αληθινόν
455 1603 493 1629 γε,
513 1589 565 1618 ἀλλ’
583 1590 666 1621 ἐοικὸς
681 1592 734 1627 μέν.
778 1595 826 1618 ΞΕ.
842 1584 905 1626 Λρα
923 1588 953 1617 τὸ
973 1586 1034 1623 αλη-

241 1634 322 1663 θινὸν
343 1633 424 1665 ὅντως
445 1632 476 1662 ὂν
493 1635 583 1686 bisunt,-
628 1638 721 1660 ΘΕΑΙ.
743 1632 837 1662 Οὕτως.
881 1635 928 1659 ΞΕ
949 1632 980 1659 Τί
997 1631 1035 1663 δές

241 1677 271 1706 τὸ
292 1676 327 1714 μὴ
354 1674 482 1711 ἀληθινὸν
508 1688 540 1713 αρ
569 1677 684 1703 ἐναντίον
710 1672 840 1723 ἆληθοῦςς
885 1678 978 1701 ΘΕΑΙ.
1007 1674 1038 1700 Τί

240 1718 301 1757 μήν,
345 1724 393 1746 ΞΕ.
414 1716 466 1746 Οὐκ
484 1716 515 1746 ὃν
537 1716 592 1767 ἄρα,
609 1719 689 1755 λεγεις
708 1716 738 1744 τὸ
762 1715 856 1748 ἐοικός,
878 1718 950 1753 εἴπερ
972 1713 1037 1743 αὐτό

241 1773 270 1800 γε
286 1760 321 1798 μὴ
340 1759 468 1795 ἀληθινὸν
483 1763 554 1797 ἐρεῖς.
578 1757 629 1787 αλλ’
648 1761 702 1787 ἔστι
715 1770 745 1797 γε
758 1757 816 1795 μήν.
852 1762 945 1785 ΘΕΑΙ.
960 1757 1036 1806 Ilo-1¹9,-

243 1809 290 1831 ΞΕ.
316 1801 416 1831 Οὐκοῦν
437 1800 546 1837 αληθῶς
565 1813 595 1840 γε
616 1812 680 1838 φῃςῖ
724 1806 817 1829 ΘΕΑΙ.
843 1798 879 1828 Οὐ
900 1798 952 1838 γὰρ
979 1800 1035 1827 οὖν·

241 1845 307 1880 πλήν
331 1843 354 1883 γ’
379 1843 454 1872 εἰκὼν
480 1843 566 1875 ὄντως.
610 1848 658 1872 ΞΕ.
683 1841 735 1872 Onu
757 1841 788 1871 ὂν
810 1841 861 1879 α’ρα
884 1840 930 1870 οὐκ
957 1840 1038 1872 6v1w9

243 1888 312 1916 ἐστὶν
334 1886 414 1918 όντως
434 1884 465 1922 ἣν
485 1889 592 1925 λέγομεν
608 1885 709 1919 εἰκόνας
754 1890 847 1913 ΘΕΑΙ.
867 1890 871 1904 ¹
890 1882 1037 1912 Κινδυνευει

242 1928 363 1964 τοιαύτην
380 1927 437 1957 τινὰ
454 1931 603 1964 πεπλέχθαι
622 1927 770 1965 συμπλοκην
787 1926 818 1955 τὸ
835 1926 870 1976 μὴ
889 1925 919 1954 ὂν
932 1927 967 1963 τῷ
983 1924 1037 1954 όντι

242 1972 285 2000 καὶ
305 1971 376 2009 μαλα
400 1969 501 1999 ὄῖτοπον
551 1975 600 1999 ΞΕ.
618 1970 682 2001 Πῶς
698 1970 750 2008 γὰρ
769 1967 815 1997 οὐκ
834 1968 947 2001 ἅτοπονς
976 1967 1038 2005 ὁρᾷς

241 2013 314 2053 γοῦν,
333 2012 373 2042 ὅτι
390 2013 432 2041 καὶ
450 2013 495 2041 νῦν
512 2012 554 2040 διὰ
571 2012 616 2048 τῆς
634 2011 795 2044 ἐπαλλαξεως
811 2010 905 2046 ταύτης
922 2009 936 2038 6
955 2012 1035 2038 πολυ-

242 2058 351 2093 κεφαλος
371 2058 499 2091 σοφιστὴς
515 2053 657 2093 ἠναγκακεν
673 2053 740 2091 ἡμᾶς
757 2053 787 2082 τὸ
806 2053 841 2090 μὴ
857 2052 887 2081 ὂν
902 2052 949 2088 οὐχ
964 2051 1036 2080 ἑκόν-

242 2109 290 2129 τας
307 2096 444 2135 ὁμολογεῖν
460 2096 526 2125 εἶναί
542 2108 603 2128 πως.
631 2101 724 2125 ΘΕΑΙ.
740 2095 806 2133 ‘0903
823 2108 866 2123 και
883 2094 961 2132 μάλα.
989 2100 1037 2122 ΞΕ.

244 2142 276 2168 Τί
292 2141 319 2168 δὲ
335 2138 377 2174 δή,-
396 2139 442 2174 την
456 2141 544 2174 τέχνην
559 2151 639 2167 αυτου
654 2140 710 2167 τίνα
728 2137 900 2175 ἀφορίσαντες
914 2136 974 2174 ἡμῖν
989 2136 1036 2165 αὐ-

243 2185 298 2214 τοῖς
316 2184 462 2218 συμφωνεῖν
480 2183 532 2210 οἱοί
547 2193 575 2210 τε
594 2180 727 2218 εσόμεθας
771 2185 865 2209 ΘΕΑΙ
883 2181 929 2216 1Ιῄ
946 2180 989 2207 καὶ
1006 2178 1036 2207 τὸ

242 2223 322 2253 ποῖόν
343 2236 367 2252 τι
388 2222 552 2260 φοβούμενος
573 2222 640 2252 ου’τω
662 2225 753 2261 λέγειςς
797 2228 845 2250 ΞΕ.
865 2228 868 2242 ¹
884 2221 962 2250 Ὅταν
979 2222 1039 2258 περὶ

243 2266 273 2295 τὸ
291 2265 434 2303 φάντασμα
453 2264 533 2294 αὐτὸν
550 2263 655 2293 απατᾶν
672 2266 760 2303 φῶμεν
778 2265 821 2293 καὶ
839 2263 883 2299 τὴν
898 2266 986 2299 τέχνην
1000 2262 1035 2291 εἷ-

243 2310 287 2337 ναί
301 2320 358 2337 τινα
377 2307 534 2343 ἀπατητικῆν
552 2306 641 2340 αὐτοῦ,
659 2307 718 2336 τότε
733 2306 846 2344 πότερον
860 2307 941 2342 ψευδῆ
957 2305 1035 2337 δοξά-

244 2354 292 2384 ζειν
312 2350 358 2386 τὴν
374 2350 459 2387 ψυχὴν
476 2348 546 2387 ἡμῶν
563 2348 681 2387 φήσομει
697 2348 749 2378 ὑπὸ
769 2351 812 2385 τῆς
830 2350 925 2377 ἐκείνου
943 2350 1036 2384 τέχνης,

242 2392 257 2429 ἢ
279 2394 305 2421 τί
323 2390 382 2421 ποτ’
406 2392 525 2429 ἐροῦμενς
569 2397 661 2420 ΘΕΑΙ.
686 2393 781 2420 Τοῦτο
805 2393 830 2419 τί
850 2391 902 2429 γὰρ
925 2389 957 2419 ἄν
975 2389 1036 2419 ἀλλο

242 2439 371 2476 εἷ’παιμενς
416 2440 463 2463 ΞΕ.
495 2434 591 2469 Ψευδης
617 2432 641 2461 δ
663 2446 696 2462 αυ
722 2434 786 2465 δόξα
814 2435 887 2461 ἔσται
914 2431 1037 2461 τᾶναντία

243 2481 298 2508 τοῖς
315 2477 376 2506 οὖσι
393 2475 580 2509 δοξαζουσα,“
565 2489 580 2511 η
598 2487 665 2509 πως,·
701 2482 793 2504 ΘΕΑΙ.
815 2474 952 2503 Τιιιαντία.
988 2481 1036 2503 ΞΕ.

242 2521 333 2558 Λέγεις
359 2517 411 2556 ἄρα
436 2518 469 2547 τὰ
493 2518 529 2555 μὴ
551 2516 614 2546 ὄντα
637 2517 751 2550 δοξάζειν
773 2518 817 2553 τὴν
838 2519 920 2554 ψευδῆ
944 2516 1036 2551 δόξανς

243 2566 336 2590 ΘΕΑΙ.
358 2559 474 2599 Ἀνάγκη.
518 2565 565 2588 ΞΕ.
589 2559 710 2597 Πότερον
729 2560 764 2598 μὴ
786 2559 850 2588 εἶναι
871 2560 903 2587 τὰ
920 2559 954 2596 μὴ
973 2558 1037 2588 ὄντα

243 2610 248 2625 ¹
267 2602 436 2636 δοξάζουσαν,
455 2602 470 2638 ἢ
487 2613 542 2634 πως
559 2600 623 2630 εἶναι
641 2603 673 2630 τὰ
690 2604 813 2640 μηδαμῶς
831 2601 906 2635 ὅντα,-
942 2607 1036 2630 ΘΕΑΙ.

243 2643 318 2674 Εἶναί
332 2656 388 2677 πως
404 2644 437 2673 τὰ
453 2644 488 2682 μὴ
506 2643 569 2673 ὄντα
588 2646 627 2672 δεῖ
641 2657 679 2683 γε,
697 2647 768 2682 εἰπερ
783 2643 910 2682 ’ψεύσεταί
922 2646 987 2672 ποτέ
1001 2646 1038 2675 τίς

240 2699 266 2717 τι
282 2688 326 2716 καὶ
341 2687 409 2716 κατὰ
427 2685 516 2725 βραχύ.
552 2691 600 2715 ΞΕ.
620 2688 652 2714 Τί
668 2685 707 2721 δ’,·
726 2685 757 2716 οὗ
775 2687 818 2715 καὶ
833 2687 956 2724 μηδαμῶς
973 2684 1038 2714 εἶναι

1081 244 1113 272 τὰ
1135 243 1237 274 πάντως
1259 242 1322 271 ὄντα
1344 242 1489 276 δοξάζεταις
1533 248 1626 271 ΘΕΑΙ.
1646 245 1710 272 Ναί.
1751 247 1800 272 ΞΕ.
1817 245 1873 274 Καὶ

1081 288 1159 315 τουτο
1178 286 1207 320 δὴ
1224 286 1333 320 ψεῦδοςς
1377 290 1470 313 ΘΕΑΙ.
1487 286 1542 313 Καὶ
1560 286 1645 314 τοῦτο.
1690 291 1737 313 ΞΕ.
1755 287 1810 314 Καὶ
1826 286 1871 315 λό-

1081 339 1135 366 γος,
1156 326 1234 364 οἶμαι,
1253 326 1348 363 ψευδὴς
1366 326 1432 355 οὕτω
1450 327 1516 355 κατὰ
1534 326 1616 356 ταύτὰ
1635 326 1827 364 νομισθήσεται
1840 327 1873 357 τά

1082 382 1109 398 τε
1125 369 1187 397 ὄντα
1202 372 1281 406 λέγων
1294 368 1328 405 μὴ
1343 366 1407 397 εἶναι
1422 373 1435 386 *
1450 370 1494 397 καὶ
1507 369 1540 397 τὰ
1554 369 1588 406 μὴ
1604 368 1666 397 ὄντα
1682 367 1754 397 εἶναι.
1781 375 1873 398 ΘΕΑΙ.

1082 413 1146 442 Πώς
1166 411 1217 449 γὰρ
1240 423 1272 438 αν
1294 409 1375 442 ἄλλως
1400 412 1519 442 τοιοῦτος
1543 413 1658 449 γένοιτος
1702 416 1749 439 ΞΕ.
1775 412 1874 447 Σχεδὸν

1083 453 1211 490 οὐδαμῶς
1240 451 1304 479 ἀλλὰ
1332 454 1414 480 ταυτα
1441 452 1455 480 6
1483 453 1610 489 σοφιστὴς
1636 451 1667 481 οὗ
1693 452 1777 489 φήσει.
1802 452 1875 489 ἢτίς

1081 495 1181 533 μηχανὴ
1208 497 1349 532 συγχωρεῖν
1374 494 1430 522 τινὰ
1460 495 1511 522 τῶν
1542 495 1569 522 εὖ
1600 494 1779 532 φρονούντων,
1812 495 1875 524 ὅταν

1084 538 1120 573 riq
1125 542 1174 575 ιζ’)εγ
1177 549 1223 564 κτα
1242 549 1284 564 και
1303 535 1401 578 αρρητα
1419 537 1462 564 καὶ
1480 535 1563 574 α’λογα
1581 537 1624 564 καὶ
1640 535 1780 572 ἀδιανόητα
1794 548 1873 575 προς-

1083 581 1211 616 διωμολογ
1213 581 1291 615 ημένα
1308 579 1325 615 ἦ
1343 579 1375 606 τὰ
1393 578 1443 615 πρὸ
1463 590 1561 606 τουτων
1578 577 1791 617 ὁμολογηθέντας
1808 591 1874 616 μαν-

1086 620 1214 657 θανομεν,
1237 621 1257 648 ὦ
1277 622 1410 655 Θεαίτητε,
1430 618 1446 647 ἃ
1464 622 1541 658 λέγεις
1586 625 1679 648 ΘΕΑΙ.
1697 622 1760 652 Πῶς
1776 621 1827 659 γὰρ
1844 619 1876 650 οὗ

1081 661 1266 700 μανθαιομεν,
1290 662 1330 690 ὅτι
1347 661 1470 690 τάναντία
1487 661 1564 698 φήσει
1582 665 1661 701 λέγειν
1678 661 1745 700 ἡμᾶς
1762 666 1817 695 τοῖς
1832 664 1876 692 νῦν

1084 704 1126 740 δή,
1148 705 1230 741 ’ψευδῆ
1252 703 1432 741 τολμήσαντας
1452 704 1534 732 εἶπεῖν
1555 715 1589 736 ως
1611 705 1680 732 ἔστιν
1702 708 1728 732 ἐν
1745 703 1833 737 δόξαις
1849 717 1876 734 τε

1083 748 1126 775 καὶ
1143 746 1209 775 κατὰ
1227 745 1333 784 λόγουςς
1355 747 1390 783 τῷ
1410 752 1413 767 ¹
1432 745 1483 784 γὰρ
1499 746 1534 782 μὴ
1553 745 1608 774 ὄντι
1624 746 1654 774 τὸ
1673 745 1704 774 ὃν
1720 745 1876 784 προςᾶπτειν

1082 788 1149 825 ἡμᾶς
1169 787 1292 819 πολλάκις
1313 787 1522 826 ἀναγκάζεσθαι,
1545 789 1813 826 διομολογησαμένους
1832 789 1877 818 νῦν

1084 830 1114 866 δή
1139 843 1193 859 που
1218 831 1296 858 τοῦτο
1322 828 1387 858 εἶναι
1407 829 1512 858 πάντων
1534 828 1739 859 ἆδυνατώτατον.
1782 837 1876 859 XXIX.

1085 878 1132 900 ΞΕ.
1154 871 1257 910 Ὀρθῶς
1283 871 1519 909 ἇπεμνημόνευσας.
1551 870 1603 900 αλλ’
1629 871 1683 910 ω’ρα
1706 872 1736 908 δὴ
1758 872 1874 910 βουλεύε-

1085 918 1167 947 σθαι,
1185 916 1211 942 τί
1224 914 1273 951 χρὴ
1292 915 1356 951 δρᾶν
1373 915 1420 942 τοῦ
1438 915 1569 950 σοφιστοῦ
1586 917 1653 952 πέρι·
1673 914 1720 946 τὰς
1736 914 1788 954 γὰρ
1806 927 1875 944 αντι-

1084 955 1172 993 λήψεις
1189 969 1232 984 και
1251 955 1374 993 ιιπορίας,
1398 956 1442 984 ἐὰν
1460 955 1539 984 αυτὸν
1558 957 1720 994 διερεω’ὦμεν
1738 960 1764 985 ἓν
1780 958 1812 994 τῇ
1828 958 1878 986 τῶν

1084 1000 1252 1036 ψευδουργών
1273 1000 1317 1026 καὶ
1337 997 1438 1036 γοήτων
1459 1001 1534 1035 τέχνῃ
1554 1001 1682 1031 τιθέντες,
1705 997 1768 1036 ὁρᾷς
1784 997 1819 1031 ὧς
1835 998 1876 1028 εὖ·

1084 1053 1164 1078 ποροι
1185 1041 1229 1068 καὶ
1249 1042 1351 1089 πολλόιί.
1395 1046 1488 1069 ΘΕΑΙ.
1510 1041 1566 1068 Καὶ
1586 1039 1664 1078 μαλα.
1709 1046 1756 1069 ΞΕ.
1775 1041 1879 1079 Μικρὸν

1084 1086 1162 1120 μέρος
1182 1084 1268 1111 τοίνυν
1290 1081 1374 1111 αὐτῶι
1396 1081 1594 1120 διεληλύθαμεν,
1623 1081 1709 1111 οὐσῶν
1733 1082 1768 1115 ὧς
1790 1089 1794 1104 ¹
1819 1084 1878 1114 ἔπος

1085 1126 1166 1154 εἷπειν
1184 1123 1342 1162 ἀπεραντων.
1387 1130 1480 1153 ΘΕΑΙ.
1499 1123 1636 1153 Λδὺνατον
1652 1125 1704 1163 γὰρ
1720 1123 1759 1157 α’ν,
1777 1123 1812 1157 ὧς
1827 1127 1877 1154 ἔοι-

1085 1179 1135 1200 κεν,
1154 1170 1191 1202 εἴη
1209 1167 1255 1195 τὸν
1273 1167 1400 1203 σοφιστὴν
1418 1169 1489 1199 ἑλεῖν,
1508 1179 1531 1195 ει
1548 1168 1630 1195 ταῦτα
1646 1178 1727 1198 ουτως
1742 1168 1799 1202 ἔχει.
1831 1172 1878 1196 ΞΕ.

1088 1212 1120 1238 Τί
1137 1210 1195 1242 061¹,-
1214 1207 1428 1246 ἆποστησόμεθα
1446 1210 1491 1237 νῦν
1506 1211 1750 1246 μαλθακισθέντεςς
1786 1214 1879 1238 ΘΕΑΙ

1089 1250 1188 1280 Οὔκουν
1207 1253 1286 1290 ἔγωγέ
1301 1264 1365 1288 φημι
1388 1252 1451 1284 δεῖν,
1475 1251 1497 1280 εἰ
1518 1253 1561 1279 καὶ
1579 1251 1646 1280 κατὰ
1664 1251 1783 1293 σμικρὸν
1790 1250 1842 1280 οἷοί
1857 1264 1872 1280 τ

1087 1294 1261 1330 ἐπιλαβέσθαι
1282 1306 1319 1330 πη
1337 1291 1447 1331 τάνδρός
1465 1297 1548 1330 ἐσμεν.
1592 1299 1640 1322 ΞΕ.
1655 1293 1734 1326 Ἐξεις
1751 1294 1798 1322 οὖν
1816 1306 1877 1332 συγ-

1084 1335 1187 1375 γνώμην
1208 1338 1262 1368 καί,
1284 1334 1410 1373 καθαπερ
1432 1336 1477 1364 νῦν
1497 1334 1577 1368 εἶπες,
1601 1334 1756 1374 ἀγαπήσεις,
1778 1334 1823 1364 ἐάν
1843 1348 1880 1372 πῃ

1086 1391 1129 1407 και
1150 1378 1217 1406 κατὰ
1240 1377 1321 1415 βραχὺ
1342 1377 1588 1415 παρασπασώμεθα
1612 1389 1693 1410 ουτως
1709 1378 1817 1416 ἰσχυροῦ
1834 1377 1879 1406 λό-

1085 1432 1147 1459 γους
1192 1425 1285 1448 ΘΕΑΙ.
1307 1420 1371 1451 Πῶς
1390 1420 1442 1458 γὰρ
1465 1418 1512 1456 οὐχ
1534 1421 1594 1453 ἕξως
1638 1425 1685 1448 ΞΕ.
1709 1419 1775 1448 Τόδε
1796 1421 1882 1449 τοίνυν

1087 1464 1122 1491 ἔτι
1138 1463 1237 1499 μᾶλλον
1255 1468 1259 1483 ¹
1278 1463 1457 1500 παραιτοῦμαί
1473 1474 1511 1491 σε.
1546 1467 1639 1490 ΘΕΑΙ.
1658 1461 1695 1491 Τὸ
1713 1465 1804 1496 ποῖον;
1832 1467 1878 1490 ΞΕ.

1087 1503 1135 1540 Μή
1159 1516 1191 1542 με
1219 1503 1275 1533 οἷον
1299 1507 1462 1552 πατραλοίαν
1485 1503 1620 1542 ’ὑπολάβῃς
1645 1506 1788 1543 γίγνεσθαί
1816 1517 1880 1533 τινα.

1087 1552 1180 1575 ΘΕΑΙ.
1201 1548 1232 1574 Τί
1249 1546 1291 1582 612,-
1336 1552 1383 1575 ΞΕ.
1403 1547 1456 1575 Τὸν
1472 1548 1520 1575 τοὺ
1537 1546 1637 1584 πατρὸς
1651 1547 1818 1584 Παρμενίδου
1835 1545 1879 1575 λό-

1086 1602 1135 1627 γον
1153 1587 1297 1627 αναγκαῖον
1313 1587 1373 1625 ἡμῖν
1391 1587 1560 1626 αμυνομένοις
1578 1590 1650 1617 ἔσται
1668 1590 1778 1625 βασανί“
1776 1600 1820 1621 ειν,
1838 1589 1882 1616 καὶ

1088 1630 1228 1667 βιαζεσθαι
1249 1630 1280 1659 τό
1297 1643 1324 1659 τε
1340 1630 1375 1668 μὴ
1395 1630 1425 1660 ὂν
1442 1629 1476 1662 ὦς
1494 1632 1547 1660 ἔστι
1564 1643 1631 1659 κατα
1649 1643 1673 1659 τι
1690 1643 1734 1659 και
1750 1630 1781 1660 τὸ
1800 1643 1831 1660 ον
1849 1631 1882 1659 αὖ

1087 1673 1164 1701 παλιν
1181 1672 1216 1704 ὦς
1234 1671 1279 1701 οὖκ
1299 1674 1353 1702 ἔστι
1369 1686 1414 1711 πῃ.
1459 1678 1552 1701 ΘΕΑΙ.
1575 1675 1696 1702 Φαίνεται
1714 1673 1744 1702 τὸ
1762 1674 1882 1702 τοιοῦτον

1088 1717 1258 1752 διαμαχητέον
1275 1719 1301 1743 ἐν
1318 1719 1373 1746 τοῖς
1390 1714 1484 1754 λόγοις.
1529 1721 1576 1743 ΞΕ.
1594 1716 1658 1747 Πῶς
1673 1715 1725 1754 γὰρ
1743 1713 1775 1744 οὗ
1791 1716 1880 1752 φαίνε-

1088 1770 1129 1786 ται
1151 1760 1205 1790 καί,
1228 1757 1258 1785 τὸ
1280 1756 1419 1795 λεγόμενον
1437 1757 1466 1793 δὴ
1484 1759 1574 1790 τοῦτο,
1593 1759 1691 1795 τυφλῷ,ι
1716 1756 1815 1786 τούτων
1830 1757 1882 1795 γὰρ

1086 1799 1149 1837 μήτε
1163 1802 1346 1844 ἣὲλεγχθέντων
1365 1799 1428 1837 μήτε
1452 1806 1455 1821 ¹
1480 1799 1698 1838 ὁμολογηθέντων
1720 1800 1801 1837 σχολῇ
1819 1801 1884 1828 ποτέ
1914 1809 1918 1817 ·

1088 1853 1125 1873 τις
1147 1841 1202 1873 οἰός
1223 1854 1250 1870 τε
1273 1842 1346 1870 ἔσται
1367 1843 1427 1892 περὶ
1448 1841 1532 1880 λόγων
1549 1843 1651 1878 ψευδῶν
1668 1844 1748 1880 λέγων
1764 1840 1780 1878 ἧ
1798 1841 1881 1877 δόξης,

1087 1887 1137 1912 εἴτε
1160 1883 1270 1912 ειδώλων
1290 1886 1340 1912 ειτε
1357 1883 1463 1913 εἶκόνων
1480 1887 1529 1912 εἴτε
1545 1896 1697 1921 μιμηματων
1713 1886 1764 1913 elza
1780 1896 1880 1920 φαντα-

1089 1938 1194 1963 σματων
1212 1924 1304 1960 αὐτῶν,
1321 1925 1337 1962 ἢ
1354 1927 1397 1954 καὶ
1414 1938 1474 1964 περι
1490 1927 1584 1962 τεχνῶν
1600 1927 1651 1955 τῶν
1669 1925 1730 1955 ὅσαι
1744 1938 1804 1964 περι
1817 1926 1880 1955 ταῦ-

1088 1981 1120 1997 Ία
1138 1969 1200 2001 Εἰσί)
1222 1968 1257 2006 μὴ
1274 1971 1468 2007 καταγέλαῦῖος
1484 1980 1549 1997 &wat
1566 1968 1599 1997 τὰ
1618 1972 1676 1996 {vav
1678 1970 1718 1996 11⁷oe
1737 1966 1880 2007 ἀναγκαζό-

1086 2022 1164 2048 μενος
1181 2009 1250 2048 abug}
1267 2013 1355 2049 λέγειν.
1399 2016 1492 2039 ΘΕΑΙ.
1510 2013 1698 2046 Λληθέστατα.
1725 2015 1739 2028 *
1763 2015 1813 2039 ΞΕ.
1832 2009 1882 2038 Διὰ

1088 2054 1170 2082 ταῦτα
1190 2055 1278 2090 μέντοι
1299 2055 1439 2090 τολμητέον
1461 2055 1635 2081 ἐπιτίθεσθαι
1652 2054 1687 2090 τῷ
1703 2053 1818 2090 πατρικῷ
1835 2051 1880 2081 λό-

1087 2107 1125 2134 γῳ
1152 2096 1207 2128 νῦν,
1233 2094 1249 2131 ἢ
1275 2094 1305 2123 τὸ
1332 2094 1460 2132 παράπαν
1484 2097 1584 2128 ἐατέον,
1610 2095 1634 2123 εἷ
1654 2094 1733 2124 τοῦτό
1751 2105 1789 2126 τις
1805 2098 1883 2133 εἴργει

1089 2137 1153 2175 δ’ρᾶν
1170 2136 1253 2169 ὄκνος.
1289 2142 1382 2165 ΘΕΑΙ.
1400 2135 1463 2166 Ἀλλ’
1478 2136 1545 2174 ἡμᾶς
1561 2135 1640 2166 τοῦτό
1657 2149 1688 2176 γε
1703 2138 1782 2174 μηδὲν
1797 2138 1880 2174 μηδα-

1086 2179 1122 2217 μῇ
1144 2182 1223 2217 εἵρξῃ.
1266 2184 1315 2208 ΞΕ.
1336 2181 1428 2217 Τρίτον
1449 2181 1535 2208 τοίνυν
1557 2180 1593 2208 ἔτι
1614 2191 1644 2208 σε
1662 2178 1771 2217 σμικρόν
1787 2191 1812 2208 τι
1828 2191 1880 2207 πα-

1087 2221 1252 2259 ραιτήσομαι.
1296 2226 1389 2250 ΘΕΑΙ.
1415 2224 1483 2260 Λέγε
1511 2221 1601 2259 μόνον.
1645 2226 1693 2250 ΞΕ.
1725 2219 1808 2250 Εἶπον
1838 2220 1884 2250 νῦν

1089 2263 1172 2299 δήπου
1193 2266 1284 2302 λόγων,
1307 2262 1342 2295 ὦς
1362 2263 1430 2302 πρὸς
1450 2263 1497 2293 τὸν
1513 2276 1571 2301 περι
1589 2261 1660 2292 ταῦτ’
1678 2265 1782 2302 ἔλεγχον
1800 2261 1841 2292 ἆεῖ
1856 2275 1882 2292 τε

1089 2304 1231 2344 απειρηκώς
1253 2305 1302 2344 ἐγὼ
1323 2306 1441 2344 τυγχάνω
1462 2307 1506 2335 καὶ
1527 2306 1557 2342 δὴ
1578 2307 1622 2334 καὶ
1642 2305 1675 2334 τὰ
1693 2306 1745 2334 νῦν.
1789 2310 1881 2334 ΘΕΑΙ.

1089 2346 1173 2380 Εἶπες.
1217 2353 1266 2377 ΞΕ.
1288 2349 1426 2398 Φοβοῦμαι
1447 2349 1477 2384 δὴ
1495 2348 1527 2377 τὰ
1545 2348 1676 2386 εἷρημενα,
1697 2346 1733 2385 μή
1753 2359 1819 2377 ποτε
1841 2347 1882 2376 διὰ

1087 2389 1171 2419 ταῦτα
1193 2402 1236 2419 σοι
1256 2390 1364 2428 μανικὸς
1384 2395 1449 2419 εῖιαι
1471 2389 1537 2440 δόξω
1554 2390 1628 2428 παρὰ
1645 2389 1716 2419 πόδα
1732 2402 1797 2429 μετα
1816 2389 1864 2418 αλ
1869 2402 1883 2418 ν

1089 2432 1200 2470 ἐμαυτὸν
1221 2431 1274 2461 α’νω
1295 2433 1338 2460 καὶ
1358 2439 1361 2453 ¹
1381 2445 1458 2461 κατω
1486 2433 1534 2468 σὴν
1553 2432 1605 2471 γὰρ
1627 2432 1657 2468 δὴ
1676 2430 1753 2469 χαριν
1775 2434 1882 2471 ἐλέγχειν

1088 2475 1133 2503 τὸν
1150 2474 1230 2513 λόγον
1248 2474 1451 2512 ἐπιθησόμεθα,
1471 2474 1515 2503 ἐάν
1531 2487 1580 2512 περ
1599 2476 1744 2513 ἐλέγχωμεν.
1788 2479 1881 2502 ΘΕΑΙ.

1085 2516 1130 2548 Ὡς
1146 2519 1232 2545 τοίνυν
1250 2518 1335 2555 ἔμοιγε
1351 2517 1457 2555 μηδαμῇ
1475 2516 1557 2549 δόξων
1572 2518 1651 2554 μηδὲν
1666 2518 1832 2554 πλημμελεῖν,
1851 2527 1883 2544 αν

1088 2560 1129 2587 ἐπὶ
1151 2559 1196 2588 τὸν
1218 2560 1322 2597 ἔλεγχον
1343 2560 1437 2588 τοῦτον
1457 2560 1501 2588 καὶ
1521 2559 1567 2595 τὴν
1585 2557 1716 2590 ἀπόδειξιν
1734 2561 1784 2595 ἷῂς,
1807 2560 1878 2596 θαῤ-

1087 2601 1139 2640 ῥῶν
1156 2605 1198 2629 ἴθι
1216 2601 1311 2630 τούτου
1332 2614 1361 2640 γε
1384 2602 1464 2630 ἕνεκα.
1507 2607 1589 2629 XXX.
1608 2606 1656 2629 ΞΕ.
1678 2603 1741 2638 (Ῐέρε
1760 2599 1803 2636 δή,
1825 2601 1882 2629 τίνα

1088 2642 1167 2681 ἀρχήν
1188 2655 1226 2675 τις
1244 2642 1276 2671 ἂν
1294 2643 1401 2681 ἄρξαιτο
1419 2642 1678 2681 παρακινδυνευτικοῦ
1695 2641 1788 2681 λόγους
1814 2641 1882 2671 &onii

1085 2688 1132 2724 μὲν
1152 2685 1204 2724 γὰρ
1226 2684 1306 2721 τήνδ’,
1329 2681 1349 2714 ὦ
1370 2690 1430 2719 παῖ,
1453 2686 1499 2722 τὴν
1520 2684 1583 2714 ὁδὸν
1601 2683 1808 2724 ἀναγκαιοτάτην
1824 2683 1883 2722 ἡμῖν

1898 378 1931 397 241
