1998 3084
54 247 88 266 ⁴0⁹
114 239 196 275 ψυχῆς
222 250 304 275 ‹ronst›
332 233 383 274 ᾗ*

44 1803 79 1821 41⁰

599 159 659 185 DE
701 159 1035 186 REPUBLICA
1075 160 1173 186 LlB.

405 235 451 266 οὔκ
473 241 577 276 ἐγχωρεῖ
600 242 625 266 ἐκ
647 241 704 270 νέας
728 251 754 267 εν
779 242 904 276 πονηραῖς

113 284 208 329 ψυχαῖς
228 279 388 329 τεθράφθαι
408 291 435 307 τε
456 280 499 307 καὶ
517 278 665 316 ωμιληκεναι
682 282 725 308 καὶ
741 280 828 309 πάντα
847 279 901 308 αδι-

112 321 211 359 κήματα
235 320 313 356 αὐτὴν
333 319 478 356 ἠδικηκυῖαν
500 322 716 357 διεξεληλυθέναι,
744 322 804 354 ω’ςτε
828 321 904 354 ὀξεως

113 362 156 400 ἀφ’
173 363 250 398 αὐτῆς
267 364 455 400 τεκμαίρεσθαι
472 362 504 391 τὰ
522 363 572 391 τῶν
590 363 672 392 α’λλων
690 363 832 402 ἀδικήματα
848 363 904 393 οἷον

110 405 176 434 κατὰ
198 405 273 442 σῶμα
294 404 399 436 νόσους
428 403 479 433 ἀλλ’
502 404 609 443 α’πειρον
627 405 705 442 αὐτὴν
722 408 765 434 καὶ
784 405 903 444 ἀκέραιον

111 449 149 476 δεῖ
165 448 249 475 κακῶν
265 445 341 482 η’θῶν
358 449 417 475 νέαν
435 448 518 475 οὖσαν
534 451 678 486 γεγονέναι,
701 449 724 476 εἶ
739 451 822 486 μέλλει
839 448 902 483 καλὴ

109 488 218 528 καγαθὴ
236 501 304 517 ουσα
321 492 414 526 κρινεῖν
430 488 508 527 υγιῶς
524 489 556 517 τὰ
575 491 667 518 δίκαια.
696 490 734 518 διὸ
754 491 783 526 δὴ
801 491 845 518 καὶ
859 502 901 518 ευ-

110 530 185 567 ήθεις
205 533 257 559 νέοι
279 529 350 562 ὄντες
371 531 398 559 οἶ
420 535 534 563 ἐπιεικεῖς
554 534 692 568 φαίνονται
712 534 755 560 καὶ
773 531 900 564 εὐεξαπά-

109 585 181 609 τητοι
201 571 254 601 ὖπό
276 573 326 601 τῶν
348 571 452 605 ἀδίκων,
477 572 520 601 α’τε
543 586 589 602 ουκ
613 586 711 609 εχοντες
730 581 733 595 ¹
754 578 779 602 ἑν
801 576 903 605 ἑαυτοῖς

108 615 305 653 παραδείγματα
324 613 481 652 ὅμοιοπαθῆ
498 619 553 647 τοῖς
569 618 785 653 πονηροῖς.Καῖ
801 619 848 657 μὲν
863 615 901 649 δή,

109 659 167 705 ἔφη,
191 656 295 707 σφόδρα
316 669 346 695 γε
369 655 432 685 αὐτὸ
454 657 609 692 πάσχουσιν.
654 657 802 696 Τοιγάρτοι,
825 659 855 692 ἢν
873 656 896 685 δ

109 698 169 737 ἐγώ,
189 697 219 727 οὐ
236 701 305 731 νέον,
325 697 389 726 ἀλλὰ
406 701 516 737 γέροντα
535 701 573 728 δεῖ
589 700 635 729 τὸν
653 698 762 738 ἀγαθὸν
780 699 901 735 δικαστὴν

108 739 183 773 εἶναι,
203 739 327 793 ὀψιμαθῆ
344 741 472 779 γεγονότα
491 741 535 777 τῆς
553 740 661 775 ἆδικιας,
682 741 738 771 οἶόν
755 746 835 774 ἐστιν,
855 740 900 770 οὐκ

109 783 203 812 οἰκείαν
225 786 251 811 ἐν
272 784 304 820 τῇ
326 782 407 812 αὑτοῦ
428 784 499 821 ψυχῇ
523 784 633 813 ἐνοῦσαν
654 783 818 821 ᾐσθημένον,
847 782 898 811 ἀλλ

108 823 244 862 ἆλλοτρίαν
262 829 287 853 ἐν
306 823 450 863 ἀλλοτρίαις
465 825 653 875 μεμελετηκότα
672 830 698 854 ἐν
714 826 800 863 πολλῷ
814 825 900 864 χρόνῳ

107 866 319 896 διαισθάνεσθαι
336 871 392 896 οἷον
408 870 505 905 πέφυκε
521 868 613 901 κακόν,
633 867 770 906 ἐπιστημη,
790 867 836 896 οὐκ
855 872 898 905 έμ-

106 911 190 947 πειρίᾳ
210 916 213 929 ¹
233 909 313 945 οἰκείᾳ
335 913 494 957 κεχρημένον.
537 910 725 942 Γενναιότατος
745 910 821 949 γοῦν,
845 911 899 951 ἔφη,

108 953 187 980 ἔοικεν
203 949 268 980 εἶναι
286 951 300 980 ὁ
319 952 437 984 τοιοῦτος
455 952 581 988 δικαστής.
617 954 671 980 Και
690 951 799 990 ἀγαθός
814 964 852 990 γε,
870 952 901 987 ἠν

106 992 130 1022 δ’
156 992 216 1032 ἐγω,
245 992 260 1022 ὅ
285 993 317 1022 σὺ
338 992 450 1031 ηρώτας·
482 993 496 1022 ὁ
518 994 569 1033 γὰρ
593 996 656 1030 ἔχων
681 995 767 1032 ψυχὴν
793 993 901 1032 ἀγαθὴν

106 1034 220 1075 ἀγαθός.
247 1034 261 1064 ὅ
284 1037 311 1064 δὲ
328 1035 410 1067 δεινὸς
428 1039 522 1067 ἐκεῖνος
538 1037 581 1064 καὶ
598 1035 777 1072 καχύποπτος,
800 1035 815 1064 ὃ
832 1038 898 1064 πολ-

105 1078 137 1106 λὰ
160 1076 238 1109 αὐτὸς
258 1076 380 1113 ἠδικηκὼς
401 1091 444 1106 και
465 1078 615 1116 πανοῦργός
632 1090 659 1107 τε
676 1091 720 1106 και
738 1077 823 1115 σοφὸς
841 1076 897 1106 οἰό-

103 1131 181 1158 μενος
197 1118 273 1153 εἶναι,
297 1119 361 1148 όταν
380 1123 427 1169 μὲν
445 1119 546 1157 ὄμοίοις
567 1119 656 1158 ὁμιλῇ,
679 1120 760 1152 δεινὸς
780 1122 899 1157 φαίνεται

106 1161 329 1199 ἕξευλαβουμενος,
347 1162 414 1200 πρὸς
430 1162 463 1191 τὰ
482 1166 508 1191 ἐν
526 1161 594 1200 αὖτῷ
611 1164 810 1201 παραδείγματα
829 1161 897 1190 ἄπο-

105 1204 219 1233 σκοπῶν
245 1203 309 1233 ὅταν
327 1205 354 1233 δὲ
372 1203 497 1257 αζαθοῖς
507 1206 551 1232 καὶ
568 1206 751 1254 πρεσβυτέροις
767 1204 814 1240 ἤδη
831 1208 896 1253 πλη-

105 1259 197 1300 σιασῃ,
221 1245 355 1284 ἀβέλτερος
373 1259 406 1275 αυ
425 1253 429 1267 ¹
447 1249 566 1284 φαίνεται
584 1246 701 1276 απιστῶν
717 1247 790 1285 παρὰ
808 1246 899 1284 καιρὸν

104 1290 147 1318 καὶ
165 1287 266 1328 ἀγνοῶν
281 1288 351 1328 ὖγιὲς
367 1284 445 1325 ηθος,
465 1289 509 1319 ἅτε
528 1287 574 1319 οὐκ
593 1291 656 1326 ἔχων
671 1289 836 1328 παραδειγμα
851 1289 898 1317 τοῦ

104 1330 231 1360 τοιούτου.
258 1332 394 1364 πλεονάκις
416 1333 443 1360 δὲ
460 1336 585 1370 πονηροῖς
602 1346 617 1368 η
632 1336 756 1370 χρηστοῖς
774 1331 896 1382 ἐντυγχά-

103 1386 153 1402 νων
175 1385 325 1412 σοφωτερος
345 1373 360 1410 ἢ
383 1373 569 1416 ἀμαθέστερος
589 1376 660 1403 δοκεῖ
684 1373 749 1403 εἶναι
776 1374 844 1412 αὑτῷ
871 1386 897 1402 τε

104 1429 146 1444 και
164 1415 255 1448 ἄλλοις.
294 1416 456 1445 Παντάπασι
472 1419 519 1454 μὲν
537 1418 590 1449 οὖν,
610 1418 677 1467 ἔφη,
689 1416 784 1453 ἀληθῆ.
820 1423 898 1445 xvn.

107 1457 143 1487 Ον
159 1460 256 1491 τοίνυν,
279 1471 309 1494 ην
327 1458 350 1486 δ
369 1458 430 1497 ἐγω,
449 1459 569 1488 τοιοῦτον
584 1459 634 1496 χρὴ
652 1459 697 1488 τὸν
716 1459 837 1495 δικαστὴν
855 1461 895 1494 ζη-

104 1504 155 1529 τεῖν
175 1500 222 1529 τὸν
244 1499 352 1539 αγαθόν
373 1513 400 1529 τε
421 1514 465 1529 και
487 1501 584 1537 σοφόν,
609 1501 673 1529 ἀλλὰ
695 1501 741 1530 τὸν
762 1501 896 1539 πρότερον.

104 1545 213 1593 πονηρία
228 1545 276 1580 μὲν
292 1543 344 1581 γὰρ
363 1541 454 1581 ἀρετήν
471 1556 497 1572 τε
512 1545 555 1571 καὶ
571 1543 649 1579 αὑτὴν
664 1556 747 1572 ουποτ
771 1543 803 1572 ιῖν
816 1545 897 1582 γνοίη,

106 1583 181 1623 αρετὴ
202 1586 229 1613 δὲ
250 1584 352 1622 φύσεως
373 1586 556 1623 παιδευομένης
577 1585 660 1623 χρόνῳ
680 1585 733 1623 α’μα
753 1585 830 1621 αὐτῆς
846 1598 873 1614 τε
893 1592 896 1606 ¹

104 1640 147 1656 και
163 1630 288 1665 πονηρίας
305 1627 444 1665 ἐπιστημην
462 1627 577 1681 λήψεται
600 1628 685 1665 σοφὸς
703 1630 748 1657 οὖν
766 1630 849 1660 ουτος,
866 1627 899 1659 ω’ς

103 1682 148 1707 μοι
165 1671 241 1703 δοκεῖ,
261 1667 313 1697 ἆλλ
331 1682 379 1706 ουχ
397 1669 410 1698 ὁ
429 1670 508 1702 κακὸς
524 1673 645 1709 γίγνεται.
684 1672 740 1698 Και
759 1673 821 1708 ἐμοί,
842 1672 896 1706 ἔφη,

105 1713 225 1744 ξυνδοκεῖ
271 1710 371 1741 Οὐκοῦν
391 1713 434 1740 καῖ
456 1712 581 1750 ἰατρικήν,
609 1725 667 1741 οιαν
689 1716 806 1750 εἴπομεν,
832 1712 896 1749 μετὰ

103 1765 147 1789 της
162 1753 282 1790 τοιαύτης
300 1754 445 1790 δικαστικῆς
462 1755 528 1783 κατὰ
550 1754 626 1783 πόλιν
647 1754 847 1792 νομοθετήσεις,
871 1755 900 1781 αἱ

103 1795 153 1825 τῶν
173 1796 284 1825 πολιτῶν
306 1809 349 1825 σοι
371 1797 432 1828 τοὺς
451 1800 497 1834 μὲν
520 1795 621 1847 ειῑιφυεῖς
642 1798 674 1825 τὰ
697 1797 806 1834 σώματα
823 1798 867 1824 καῖ
885 1801 897 1814 *

103 1838 149 1870 τὰς
164 1839 251 1876 ψυχὰς
259 1838 479 1889 θεραπεύσουσι,
502 1839 563 1871 τοὺς
580 1840 607 1868 δὲ
623 1839 670 1877 μή,
690 1839 751 1868 ὅσοι
766 1842 814 1877 μὲν
830 1838 896 1867 κατὰ

104 1880 178 1918 σῶμα
198 1881 325 1914 τοιοῦτοι,
353 1879 534 1917 ἀποθνήσκειν
556 1880 677 1914 εάσουσι,
699 1881 760 1913 τοὺς
782 1882 808 1910 δὲ
830 1880 896 1909 κατὰ

103 1922 147 1958 τὴν
167 1923 252 1960 ψυχὴν
272 1927 410 1960 κακοφυεῖς
431 1925 475 1952 καὶ
497 1922 618 1955 ἇνιατους
640 1922 715 1952 αὐτοὶ
737 1922 895 1952 ἀποκτενοῦ-

103 1977 156 1998 (rw,-
184 1965 220 1994 Τὸ
237 1966 303 2004 γοῦν
321 1965 441 2003 ἄριστον,
462 1968 521 2002 ἔφη,
541 1964 630 1997 αὐτοῖς
648 1978 674 1994 τε
692 1970 747 1997 τοῖς
763 1965 898 2001 πάσχουσι

102 2008 145 2036 καὶ
165 2008 197 2045 τῇ
217 2007 292 2036 πόλει
313 2007 380 2036 οὕτω
401 2011 537 2044 πέφανται.
585 2010 616 2037 Οἱ
639 2010 665 2036 δὲ
688 2008 718 2043 δὴ
739 2010 799 2040 νέοι,
822 2004 853 2043 ἧν
871 2005 895 2034 ‹5’

103 2048 158 2101 ἐγώ,
177 2049 280 2085 δῆλον
271 2049 310 2079 ότι
327 2049 517 2087 εὐλαβήσονταί
534 2063 577 2079 σοι
595 2050 741 2100 δικαστικῆς
758 2062 793 2082 εις
808 2052 898 2087 χρείαν

102 2091 172 2124 ἴέναι,
191 2091 222 2129 τῇ
240 2091 309 2129 ἇπλῇ
328 2094 407 2130 ἐκείνῃ
423 2094 535 2130 μουσικῇ
551 2105 686 2145 χρωμενοι,
704 2106 735 2128 ην
753 2092 810 2127 δὴ’
802 2094 898 2140 ἔφαμεν

104 2146 274 2172 σωφροσυνην
301 2137 425 2163 ἐντίκτειν.
471 2137 502 2163 Τί
525 2134 588 2172 μήν;
620 2136 675 2172 ε’φη.
719 2133 767 2172 Ἀ’ρ
793 2136 839 2163 οὖν
867 2146 897 2162 ου

102 2175 167 2205 κατὰ
182 2174 263 2205 ταῦτὰ
280 2183 284 2197 ¹
303 2180 358 2213 ἶχνη
372 2177 454 2206 ταῦτα
474 2176 487 2205 ὁ
505 2177 630 2215 μουσικὸς
646 2177 819 2216 γυμναστικὴν
837 2176 895 2204 διώ-

102 2229 159 2251 κων,
178 2218 223 2247 ἐὰν
240 2221 327 2256 ἐθέλῃ,
347 2218 455 2257 αἱρέσει,
475 2218 536 2251 ω’ςτε
552 2221 631 2256 μηδὲν
649 2220 762 2257 ἰατρικῆς
780 2220 896 2250 δεῖσθαι,

103 2259 158 2289 ὅτι
173 2259 208 2298 μὴ
227 2258 338 2300 ἇναγκη;
352 2260 454 2300 Ἔμοιγε
473 2262 549 2290 δοκεῖ.
588 2260 663 2290 Αὗτα
679 2261 730 2299 μὴν
747 2261 779 2289 τὰ
796 2260 894 2300 γυμνά-

102 2313 147 2331 σια
168 2303 211 2330 καὶ
231 2303 292 2334 τοὺς
311 2302 409 2335 πόνους
430 2303 497 2341 πρὸς
517 2303 547 2332 τὸ
571 2305 710 2341 θυμοειδὲς
731 2305 775 2339 τῆς
795 2303 897 2340 φύσεως

103 2345 199 2381 βλέπων
216 2344 318 2374 κακεῖνο
337 2347 440 2383 ἐγείρων
457 2345 566 2380 πονήσει
582 2345 712 2383 μᾶλλον”
697 2359 712 2381 η
730 2345 796 2383 πρὸς
814 2344 895 2380 ἶσχυν,

103 2385 150 2422 οὖχ
171 2386 253 2425 ὥςπερ
276 2388 302 2415 οἱ
324 2386 397 2416 α’λλοι
420 2386 536 2423 ἆθληται
558 2387 645 2429 ρώμης
664 2388 735 2416 ἕνεκα
758 2390 826 2416 σιτία
853 2388 897 2415 καὶ

101 2428 197 2460 πόνους
212 2433 415 2470 μεταχειριεῖται
450 2428 610 2467 Ὀρθότατα,
628 2431 644 2465 ἡ
663 2428 686 2457 δ
704 2429 739 2462 ὅς
774 2425 823 2467 ἳΛρ
842 2442 894 2461 om,

101 2471 131 2505 ἦν
152 2469 175 2498 δ
198 2470 258 2509 ἐγω,
282 2472 301 2499 ὦ
324 2470 457 2504 Γλαύκων,
480 2484 522 2499 και
545 2473 572 2500 οἱ
592 2471 768 2504 καθιστάντες
783 2472 895 2509 μουσικῇ

102 2514 145 2540 καὶ
159 2514 318 2551 γυμναστικῇ
338 2521 341 2534 ¹
360 2513 490 2542 παιδεύειν
508 2512 555 2549 οὖχ
573 2516 604 2542 οὑ
623 2513 693 2542 ἕνεκα
711 2526 775 2546 τινες
796 2517 896 2542 οἴονται

101 2556 293 2588 καθιστᾶσιν,’
288 2557 329 2584 ι’να
346 2556 378 2593 τῇ
394 2559 441 2593 μὲν
458 2555 487 2584 τὸ
507 2556 581 2593 σῶμα
599 2556 803 2594 θεραπεύοιντο,
822 2556 853 2593 τῇ
869 2557 895 2584 δὲ

102 2596 146 2632 τὴν
163 2597 260 2634 ψυχήνς
282 2598 356 2626 Au&
374 2600 399 2626 τί
413 2597 474 2635 μήν·
495 2599 549 2633 ἔφη.
592 2598 799 2631 Κινδυνεύουσιν,
818 2599 848 2634 ἠν
870 2596 893 2625 δ’

102 2637 158 2677 ἐγώ,
179 2637 312 2677 ἀμφότερα
331 2640 374 2675 τῆς
391 2641 473 2677 ψυχῆς
492 2640 562 2668 ἕνεκα
580 2640 609 2668 τὸ
623 2642 746 2679 μέγιστον
760 2638 893 2668 καθιστα-

101 2692 150 2709 rm.
192 2681 257 2713 Πῶς
283 2681 326 2716 δή,·
355 2681 406 2710 Οὐκ
434 2685 539 2714 ἐννοεῖς,
567 2680 651 2715 εἶπον,
679 2682 713 2714 ὦς
735 2684 894 2710 διατίθενται

1215 160 1266 187 ΙΙΙ.
1699 160 1746 186 317

955 238 1033 274 αυτὴν
1059 238 1104 274 τὴν
1131 238 1247 267 διάνοιαν
1274 241 1301 268 οἳ
1326 239 1357 267 ἄν
1372 239 1538 290 γυμιαστικῇ
1557 241 1603 276 μὲν
1625 238 1666 267 δια
1689 239 1746 275 βίου

955 280 1106 318 ὁμιλήσωσι,
1129 282 1252 318 μουσικῆς
1271 283 1296 309 δὲ
1313 282 1347 319 μὴ
1366 282 1495 319 α’ψωνταις
1523 280 1538 317 ἦ
1557 281 1616 310 ὅσοι
1635 280 1666 309 ιῖν
1683 293 1743 309 του-

954 325 1055 351 ναντίον
1073 323 1243 357 διατεθῶσινς
1271 326 1346 355 Τίνος
1364 325 1400 357 δέ,
1420 325 1434 360 ἠ
1453 323 1476 352 δ
1494 322 1534 356 ὅς,
1558 329 1561 344 ¹
1580 326 1637 361 πὲρι
1655 325 1744 361 λέγεις,

954 364 1115 403 Λγριόῐητός
1136 377 1162 393 τε
1184 378 1227 393 και
1249 365 1432 403 σκληρότητος,
1453 379 1497 394 και
1519 360 1552 394 αὖ
1571 367 1698 403 μαλακίας
1719 377 1745 393 τε

953 408 996 434 καὶ
1017 406 1183 444 ἡμερότητος,
1207 403 1238 442 ἧν
1255 406 1278 435 δ
1297 407 1352 446 ἐγω.
1392 408 1495 446 Ἔγωγε,
1515 409 1572 443 ἔφη·
1601 407 1640 436 ὅτι
1658 408 1684 435 οἷ
1700 410 1746 443 μέν

952 448 1111 487 γυμναστικῇ
1135 447 1236 486 ἆκρατῳ
1256 449 1416 487 χρησόμενοι
1439 449 1591 488 ἆγριωτεροι
1608 449 1655 477 τοῦ
1673 451 1743 477 δέοι-

953 502 998 522 τος
1016 489 1215 527 αποβαίνουσιν,
1239 492 1264 519 οἱ
1287 493 1313 519 δὲ
1329 493 1441 529 μουσικῇ
1457 490 1635 529 μαλακώτεροι
1654 504 1686 519 nv
1703 493 1743 529 γί-

952 545 1057 570 γνονται
1074 531 1090 567 ἢ
1108 544 1141 563 ως
1158 531 1261 561 καλλιον
1280 532 1374 565 αὐτοῖς.
1401 535 1456 562 Καὶ
1471 546 1529 571 μην,
1547 529 1577 569 ἦν
1595 532 1619 561 δ’
1640 532 1696 572 ἐγω,
1715 532 1745 561 τό

951 587 980 612 γε
999 573 1090 612 ἄγριον
1108 574 1136 602 τὸ
1156 576 1294 611 θυμοειδὲς
1312 574 1343 602 (iv
1360 576 1404 611 τῆς
1420 575 1523 611 φύσεως
1536 578 1684 613 παρέχοιτο,
1703 576 1745 603 καῖ

953 615 1044 653 ὀρθῶς
1060 618 1107 653 μὲν
1124 619 1221 653 τραφὲν
1240 615 1357 654 ἀνδρεῖον
1375 617 1407 646 ἂν
1424 621 1474 653 εἴη,
1497 618 1595 655 μᾶλλον
1613 616 1637 645 δ’
1655 621 1743 645 ἐπιτα-

952 661 1003 686 θὲν
1024 659 1071 686 τοῦ
1094 659 1196 690 δέοντος
1218 658 1328 696 σκληρόν
1346 671 1372 688 τε
1390 661 1432 687 καὶ
1449 659 1563 695 χαλεπὸν
1579 658 1684 697 γίγνοιτ’
1705 659 1744 692 α’ν,

952 698 986 731 ὥς
1002 699 1032 728 τὸ
1051 699 1126 731 εἰκός.
1157 704 1236 728 Δοκεῖ
1250 713 1303 737 μοι,
1323 702 1377 737 ἔφη.
1408 704 1439 729 Τί
1455 703 1494 735 ὄέ,·
1512 701 1542 730 τὸ
1560 701 1655 739 ἥμερον
1674 708 1678 722 ¹
1698 700 1745 736 αὗχ

951 741 966 777 ἡ
983 741 1131 778 φιλόσοφος
1149 742 1181 770 ι’ίν
1200 744 1252 778 ἔχοι
1269 742 1359 779 φύσις;
1386 744 1429 771 καὶ
1449 743 1549 781 μᾶλλον
1568 746 1615 781 μὲν
1633 742 1742 772 ἀνεθέν-

951 796 996 815 τος
1014 782 1094 812 αὖτοῦ
1111 784 1294 822 μαλακώτερον
1312 784 1344 813 ἂν
1361 788 1398 821 εἴη
1417 786 1463 814 τοῦ
1482 787 1595 819 δέοντος,
1618 785 1701 817 καλῶς
1719 787 1744 813 δὲ

951 828 1092 863 τραφέντος
1109 826 1203 864 ἥμερόν
1220 839 1248 855 τε
1265 828 1308 854 καὶ
1325 827 1446 865 κόσμιονς
1470 827 1541 856 Ἔστι
1558 828 1647 856 ταῦτα.
1685 831 1745 855 Δεῖν

951 869 979 897 δέ
997 871 1028 907 γε’
1047 881 1132 905 φαμεν
1154 868 1214 900 τοὺς
1234 868 1351 906 φύλακας
1373 868 1508 907 ἆμφοτερα
1527 871 1591 905 ε’χειν
1609 882 1691 898 τουτω
1709 869 1744 897 τώ

950 910 1035 947 φύσει
1080 914 1128 938 Δεῖ
1147 923 1206 949 γαρ
1254 909 1352 940 Ουκοῦν
1369 911 1509 949 ἡρμόσθαι
1527 913 1565 940 δεῖ
1583 910 1663 943 αυτὰς
1679 911 1745 949 πρὸς

951 951 1072 987 dumne,-
1098 953 1163 984 Πῶς
1180 951 1204 980 δ’
1226 965 1269 987 ου;
1295 955 1350 982 Και
1372 954 1419 982 τοῦ
1438 956 1485 991 μὲν
1506 954 1668 991 ηρμοσμὲνου
1690 952 1741 982 σώ-

1319 995 1435 1033 *ψυχή;
1467 996 1545 1024 Πάνυ
1565 1008 1601 1034 γε.
1646 997 1699 1024 Τοῦ
1718 997 1743 1024 δὲ

951 1035 1118 1073 ἀναρμόστου
1141 1037 1208 1072 δειλὴ
1228 1039 1271 1065 καὶ
1293 1036 1427 1076 ἅγροικοςς
1453 1039 1508 1066 Καὶ
1532 1039 1610 1075 μάλα.
1655 1044 1743 1065 XVIII.

953 1077 1052 1107 Οὗκοῦν
1078 1078 1142 1107 ὅταν
1167 1082 1213 1116 μέν
1234 1091 1271 1111 τις
1291 1080 1402 1117 μουσικῇ
1424 1083 1524 1118 παρέχῃ
1546 1083 1680 1108 καταυλεῖν
1701 1081 1744 1107 καὶ

949 1124 1070 1170 καταχεῖν
1092 1121 1136 1169 τῆς
1155 1121 1240 1158 ψυχῆς
1261 1121 1303 1149 διὰ
1325 1122 1376 1150 τῶν
1397 1121 1469 1150 ὤτων
1491 1122 1573 1160 ὥςπερ
1596 1122 1636 1150 διὰ
1653 1121 1742 1157 χώνης,

951 1162 982 1194 ἅς
999 1163 1043 1191 νῦν
1061 1163 1090 1198 δὴ
1108 1162 1179 1199 ημεῖς
1198 1166 1315 1202 ἐλέγομεν
1332 1164 1379 1196 τὰς
1395 1167 1511 1217 γλυκείας
1529 1177 1555 1193 τε
1570 1165 1613 1192 καὶ
1626 1164 1744 1201 μαλακὰς

949 1218 992 1233 και
1009 1204 1185 1242 θρηνωδεις
1170 1208 1295 1243 αρμονίας
1296 1227 1302 1238 ,
1320 1208 1363 1234 καὶ
1379 1209 1512 1244 μινυρίζων
1529 1219 1555 1235 τε
1570 1219 1613 1234 και
1626 1219 1741 1248 γεγανω-

947 1250 1023 1284 μένος
1043 1246 1095 1275 ὖπὸ
1118 1248 1161 1283 τῆς
1183 1246 1247 1284 ᾠδῆς
1269 1249 1370 1285 διατελῇ
1388 1249 1434 1277 τὸν
1452 1250 1508 1285 βίον
1526 1250 1593 1281 ὅλον,
1619 1250 1695 1280 οὗτος
1712 1248 1741 1277 τὸ

947 1292 993 1327 μὲν
1015 1289 1130 1327 πρῶτον,
1158 1293 1225 1318 εἴτι
1246 1292 1385 1329 θυμοειδὲς
1408 1296 1485 1327 ειχει,
1513 1290 1595 1329 ὥςπερ
1615 1297 1618 1311 ¹
1639 1292 1743 1329 σίδηρον

949 1331 1058 1370 ἐμάλαξε
1076 1332 1120 1360 καὶ
1134 1331 1262 1387 χρήσιμον
1281 1338 1308 1366 ἐξ
1321 1333 1454 1387 ,ἀχρήστου
1469 1336 1512 1362 καὶ
1527 1335 1638 1372 σκληροῦ
1654 1336 1740 1369 ἐποίη-

949 1386 1003 1403 σεν
1024 1374 1088 1403 ὅταν
1105 1373 1129 1403 δ
1148 1378 1243 1411 ἐπέχων
1259 1376 1292 1413 μὴ
1312 1375 1370 1413 ανίῃ
1386 1375 1450 1404 αλλὰ
1465 1377 1536 1414 κηλῇ,
1555 1377 1584 1405 τὸ
1599 1376 1664 1414 μετὰ
1680 1376 1740 1404 τοῦ-

948 1430 978 1446 το
996 1416 1043 1453 ηδη
1061 1416 1129 1453 τήκει
1147 1419 1190 1445 καὶ
1208 1419 1289 1455 λείβει,
1309 1419 1354 1450 ἓως
1373 1432 1404 1447 αν
1423 1418 1512 1456 ἐκτήξῃ
1530 1418 1576 1447 τὸν
1594 1418 1683 1456 θυμὸν
1699 1431 1741 1446 και

950 1462 1038 1497 ἐκτεμῃ
1057 1459 1138 1497 ὥςπερ
1156 1460 1233 1498 νεῦρα
1253 1464 1278 1488 ἐκ
1296 1461 1339 1496 τῆς
1356 1471 1440 1513 ψυχης
1457 1463 1499 1489 καῖ
1516 1460 1614 1511 ποιήσῃ
1631 1464 1739 1498 μαλθα-

948 1502 994 1530 uina
1012 1501 1142 1551 αἰχμητήν.
1186 1502 1264 1531 Πανυ
1280 1505 1327 1540 μὲν
1345 1516 1398 1535 ουν,
1418 1505 1472 1540 ἔφη.
1508 1504 1562 1531 Καὶ
1581 1503 1625 1531 ἐὰν
1641 1506 1687 1540 μὲν
1703 1515 1740 1541 γε,

947 1545 978 1579 ἠν
996 1542 1019 1571 δ
1037 1544 1098 1582 ἐγω,
1123 1547 1149 1576 ἐξ
1168 1543 1246 1582 αρχῆς
1263 1558 1340 1581 φυσει
1359 1545 1466 1583 α’θυμον
1483 1545 1561 1582 λαβῃ,
1581 1558 1645 1581 ταχυ
1663 1545 1740 1574 τοῦτο

949 1585 1116 1623 διεπραξατο·
1147 1587 1192 1614 ἐὰν
1213 1588 1240 1615 δὲ
1262 1588 1401 1624 θυμοειδῆ,
1430 1586 1534 1623 ασθενῆ
1559 1587 1671 1636 ποιήσας
1696 1588 1742 1616 τὸν

948 1628 1038 1665 θυμὸν
1061 1627 1208 1677 ὀξύρροπον
1230 1627 1422 1668 απειργιὶσατο,
1447 1629 1499 1658 απὸ
1523 1631 1635 1668 σμικρῶν
1654 1637 1657 1650 ¹
1677 1630 1741 1671 ταχὺ

949 1670 1130 1708 ἐρεθιζόμενόν
1151 1683 1177 1699 τε
1199 1684 1243 1699 και
1264 1671 1507 1723 κατασβεννύμενον
1536 1671 1674 1709 ακρόχολοι
1696 1685 1741 1700 ουν

948 1726 991 1740 και
1009 1711 1107 1751 ὀργίλοι
1126 1726 1181 1741 αντι
1201 1715 1358 1755 θυμοειδοῦς
1374 1717 1528 1753 γεγένηνται,
1547 1715 1703 1746 δυςκολίας’
1696 1727 1738 1751 εμ-

947 1758 1028 1783 πλεοι.
1072 1756 1175 1792 Κομιδῇ
1196 1759 1243 1793 μὲν
1265 1757 1318 1785 οὖν.
1364 1759 1395 1784 Τί
1416 1758 1454 1790 δέ,
1483 1769 1515 1785 αν
1533 1757 1565 1785 αὖ
1582 1757 1741 1795 γυμναστική

947 1797 1031 1825 πολλὰ
1053 1797 1122 1834 πονῇ
1143 1810 1187 1825 και
1208 1797 1332 1834 εὐωχῆται
1353 1800 1381 1827 εὖ
1401 1798 1484 1836 μαλα,
1506 1799 1630 1840 μουσικῆς
1651 1800 1677 1827 δὲ
1699 1812 1742 1827 κιιι

947 1841 1106 1876 φιλοσοφίας
1125 1840 1160 1877 μὴ
1183 1840 1306 1876 ἅπτηται,
1330 1839 1361 1870 οὗ
1382 1841 1485 1879 πρῶτον
1506 1843 1552 1878 μὲν
1569 1853 1597 1869 ευ
1615 1844 1694 1876 ι’σχων
1714 1841 1741 1869 τὸ

948 1882 1023 1919 σῶμα
1045 1881 1211 1919 φρονήματός
1232 1895 1259 1911 τε
1281 1896 1324 1911 και
1346 1884 1436 1920 θυμοῦ
1459 1885 1615 1920 ἐμπίπλαται
1632 1884 1675 1911 καὶ
1694 1895 1738 1911 αν-

947 1923 1091 1961 δρειότερος
1111 1926 1224 1962 γίγνεται
1247 1923 1326 1957 αὐτὸς
1347 1924 1440 1959 αὖτοῦ,·
1467 1927 1522 1953 Καὶ
1542 1924 1612 1962 μαλα
1630 1937 1666 1963 γε
1712 1927 1743 1953 Τί

947 1967 1002 1999 δαίς
1021 1966 1123 1994 ἐπειδὰν
1142 1965 1203 1995 ἄλλο
1221 1968 1298 2004 μηδὲν
1312 1967 1414 2005 πράττῃ
1428 1969 1491 2005 μηδὲ
1506 1968 1614 2005 κοινωνῇ
1630 1967 1742 2003 Μούσης

945 2008 1062 2045 μηδαμῇ,
1087 2014 1091 2029 ¹
1115 2006 1161 2037 οὐκ
1182 2011 1210 2037 εἴ
1225 2022 1249 2037 τι
1266 2011 1310 2037 καὶ
1328 2010 1384 2045 ἐνῆν
1402 2008 1483 2038 αὐτοῦ
1500 2013 1649 2047 φιλομαθὲς
1667 2013 1693 2038 ἐν
1710 2010 1741 2047 τῇ

946 2052 1030 2087 ψυχῇ,
1058 2049 1102 2078 ἅτε
1130 2049 1188 2079 οὔτε
1213 2051 1375 2089 μαθήματος
1395 2051 1535 2090 γευόμενον
1557 2051 1661 2083 οὐδενὸς
1682 2051 1740 2080 οὔτε

948 2094 1099 2129 ζητήματος,
1123 2092 1182 2121 ουίε
1203 2092 1284 2132 λόγου
1304 2096 1427 2131 μετίσχον
1445 2093 1503 2123 ου’τε
1521 2095 1565 2129 τῆς
1583 2093 1658 2130 α’λλης
1673 2107 1738 2132 μου·

948 2134 1027 2169 σικῆς,
1048 2132 1161 2166 ασθενες
1178 2147 1205 2163 τε
1222 2148 1266 2163 και
1282 2136 1370 2172 κωφὸν
1387 2149 1431 2164 και
1445 2136 1542 2173 τυφλὸν
1555 2138 1676 2175 γίγνεται,
1696 2135 1740 2164 α’τε

948 2188 994 2204 ουκ
1016 2176 1177 2214 ἐγειρόμενον
1199 2176 1258 2206 οὐδὲ
1279 2177 1438 2227 τρεφόμενον
1456 2177 1514 2207 ουδὲ
1533 2179 1738 2216 διακαθαιρομέ-

947 2230 997 2246 νων
1014 2219 1065 2246 τῶν
1083 2218 1237 2254 αἰσθήσεων
1255 2218 1348 2254 αὖτοῦς
1378 2221 1471 2253 Ου’τως,
1492 2222 1546 2257 ἔφη.
1586 2220 1741 2259 Μισολόγος

948 2260 988 2296 δή,
1008 2259 1091 2297 οἶμαι,
1111 2260 1124 2289 ὁ
1144 2262 1262 2293 τοιοῦτος
1278 2264 1392 2301 γίγνεται
1408 2264 1453 2291 καὶ
1471 2261 1599 2300 ἄμουσος,
1622 2264 1666 2291 καὶ
1682 2275 1738 2291 πει-

949 2306 1000 2331 θοῖ
1018 2305 1065 2340 μὲν
1087 2303 1128 2331 διὰ
1151 2303 1235 2342 λόγων
1257 2303 1331 2333 οὐδὲν
1353 2306 1389 2333 ἔτι
1407 2305 1512 2343 χρῆται,
1537 2305 1579 2342 βίᾳ
1602 2306 1628 2333 δὲ
1646 2306 1689 2333 καὶ
1708 2303 1738 2332 ἆ-

945 2343 1060 2382 γριότητι
1082 2346 1164 2383 ὥςπερ
1195 2348 1288 2399 θηρίον
1311 2353 1314 2367 ¹
1341 2347 1408 2385 πρὸς
1434 2360 1521 2375 παντα
1548 2346 1738 2384 διαπραττεται,

946 2388 989 2414 καὶ
1014 2390 1039 2415 ἐν
1062 2385 1167 2425 αμαθία
1188 2401 1232 2416 και
1254 2388 1395 2440 σκαιότητι
1402 2389 1467 2427 μετὰ
1487 2388 1636 2441 αρρυθμίας
1653 2401 1679 2417 τε
1697 2389 1740 2417 καὶ

947 2427 1099 2466 ἀχαριστίας
1117 2430 1152 2467 ζῇ.
1177 2430 1360 2464 Παντάπασιν,
1379 2432 1395 2467 ἠ
1413 2430 1436 2459 δ’
1455 2431 1490 2464 ὅς,
1509 2431 1590 2463 ου’τως
1606 2433 1661 2483 ἔχει.
1684 2429 1740 2458 Ἐπὶ

947 2471 975 2506 δὴ
994 2469 1034 2499 δύ
1052 2470 1109 2500 όντε
1128 2471 1218 2505 τούτω,
1237 2471 1271 2504 ὦς
1289 2474 1362 2506 ἔοικε,
1381 2474 1426 2502 δύο
1446 2476 1519 2509 τέχνα
1538 2474 1626 2502 θεόν’
1619 2471 1690 2511 έγωγ’
1708 2472 1740 2501 αν

946 2524 1001 2540 τινα
1019 2515 1098 2549 φαίην
1115 2515 1247 2542 δεδωκέναι
1265 2519 1320 2546 τοῖς
1338 2514 1499 2553 ἀνθρώποις,
1516 2514 1641 2552 μουσικήν
1656 2527 1682 2543 τε
1697 2516 1740 2543 καὶ

945 2555 1124 2593 γυμναστικήν,
1145 2557 1185 2584 ἐπὶ
1202 2557 1232 2585 τὸ
1251 2559 1389 2594 θυμοειδὲς
1406 2559 1449 2586 καὶ
1467 2558 1495 2586 τὸ
1514 2557 1673 2593 φιλόσοφον,
1693 2556 1739 2585 οὐκ

947 2598 988 2624 ἐπὶ
1012 2598 1097 2635 ψυχὴν
1118 2599 1161 2626 καῖ
1183 2600 1270 2636 σῶμα,
1298 2599 1320 2628 εἶ
1340 2600 1375 2637 μὴ
1397 2603 1434 2636 εἴη
1455 2599 1598 2637 πάρεργον,
1627 2598 1678 2627 ἀλλ’
1700 2597 1737 2627 ἐπ’

946 2641 1041 2673 ἐκείνω,
1065 2639 1135 2672 ὅπως
1157 2640 1188 2669 ἂν
1211 2640 1327 2677 ἀλλήλοιν
1345 2642 1565 2680 ξυναρμοσθῆτον
1583 2646 1595 2659 ‘¹
1614 2645 1736 2669 ἐπιτεινο-

944 2684 1010 2719 μένω
1032 2683 1076 2710 ua)
1099 2680 1218 2720 ἀνιεμένω
1234 2686 1308 2721 μέχρι
1326 2684 1373 2712 τοῦ
1390 2683 1571 2722 προςήκυντος.
1616 2685 1671 2711 Καὶ
1687 2683 1739 2722 γὰρ

949 1007 1022 1032 φρων
1043 1007 1069 1022 τε
1090 1007 1132 1022 και
1156 993 1260 1033 ἀνδρεία
1280 994 1297 1031 ἦ

1771 1003 1805 1021 411

1769 2015 1786 2033 I)

1765 2648 1801 2667 412
