1998 3084
202 1188 218 1205 ἶ)
244 1182 386 1232 Εκουσίως.

251 181 296 206 130

250 257 433 296 Πονηρότερον
451 260 477 287 δὲ
495 259 538 286 καὶ
556 260 658 293 αἶ’σχιον
676 261 702 286 ἐν
718 256 789 295 πιίλῃ
807 257 837 286 τὸ
852 259 961 292 πίπτειν,
979 257 995 294 ἢ
1010 258 1040 288 τὸ

250 300 430 337 καταβάλλειν;
465 306 508 328 ln.
526 299 562 328 Τὸ
577 301 685 328 πίπτειν.
720 305 776 327 ΣΩ.
791 300 847 328 Καὶ
862 304 888 328 ἐν
901 300 972 338 πάλῃ
990 299 1041 339 ὅῖρα

252 343 265 371 ὁ
281 343 344 370 ἑκών
357 342 389 370 τὰ
404 341 505 379 πονηρὰ
520 342 563 369 καὶ
578 341 674 379 αἰσχρὰ
690 340 857 380 ἐργαζόμενος
871 342 974 378 βελτίων
987 355 1039 370 πα-

250 383 383 419 λαιστὴςῆ
399 383 413 412 ὃ
430 382 505 412 ἄκων.
540 382 685 412 11'1.''E01.ue.
719 388 775 411 ΣΩ.
795 385 827 411 Τί
843 384 869 412 δὲ
885 387 911 412 ἐν
928 384 959 422 τῇ
978 383 1041 422 ἄλλῃ

249 425 324 463 πάσῃ
342 426 373 463 τῇ
392 426 439 454 τοῦ
459 425 579 463 σώματος
594 427 679 463 χρείας
699 423 746 461 οὐχ
764 424 778 453 ὁ
797 426 900 462 βελτίων
917 426 947 454 τὸ
966 426 1041 464 σῶμα

251 467 356 496 δύναται
375 466 509 505 ἀμφότερα
532 466 702 506 ἐργάζεσθαι,
724 468 768 495 καὶ
789 467 821 496 τὰ
837 467 930 506 ἰσχυρὰ
948 469 992 496 καὶ
1008 468 1040 497 τὰ

207 516 222 533 Β
251 508 361 545 ασθενῆ,
380 510 423 537 καὶ
442 516 446 530 ¹
465 509 497 538 τὰ
517 509 612 547 αἰσχρὰ
630 510 674 538 καὶ
690 508 723 538 τὰ
741 509 820 543 καλά,-
838 509 899 541 ω’ςτε
915 522 978 539 οταν
992 523 1039 539 κα-

250 551 281 580 τὰ
299 551 329 580 τὸ
349 551 424 589 σῶμα
441 564 542 589 πονηρα
562 550 703 590 εργοῖζηται,
722 551 786 580 ἑκών
803 551 934 590 ἐργαζεται
952 551 966 581 ὁ
983 553 1038 589 βελ-

249 595 308 621 τίων
330 593 359 622 τὸ
383 593 471 631 σῶμα,
498 592 512 622 ὁ
536 594 563 622 δὲ
583 592 759 646 πονηρότερος
776 593 857 628 α’κων,·
900 600 944 622 1Π.
958 593 1040 623 ’'Emue

249 635 315 663 κατὰ
333 635 379 671 τὴν
396 635 471 671 ἲσχὺν
488 634 569 667 ου’τως
587 637 658 671 ἔχειν.
702 641 757 664 ΣΩ.
777 638 809 664 Τί
825 637 853 664 δὲ
870 634 924 665 κατ’
945 634 1038 673 εὔσχη-

247 690 373 715 μοσυνην,
396 678 416 706 ὦ
432 678 531 711 Ιππία,·
559 676 590 706 οὗ
611 678 659 706 τοῦ
680 678 809 715 βελτίονος
830 677 951 716 σωματός
973 682 1042 707 εστιν

248 719 351 751 ἑκόντος
371 719 404 748 τὰ
427 720 523 772 αἰσχρὰ
544 721 588 748 καὶ
608 720 709 758 πονηρὰ
732 719 851 757 σχήματα
874 722 1040 758 σχηματίζειν,

248 762 295 790 τοῦ
314 763 340 790 δὲ
357 765 533 800 πονηροτέρου
551 761 672 796 α’κοντοςς
697 761 713 798 ἢ
733 763 789 794 πῶς
810 774 854 791 σοι
872 764 953 796 δοκεῖς
997 768 1040 791 ΙΠ.

252 804 331 832 Οὕτω.
374 809 429 832 ΣΩ.
456 805 512 832 Καὶ
539 802 707 842 ἀσχημοσύνη
733 803 785 842 ἄρα
810 803 826 840 ἦ
851 807 898 842 μὲν
923 804 1041 836 ἑκούσιος

206 851 221 869 C
248 846 314 883 πρὸς
341 844 431 884 ἇρετῆς
457 848 536 879 ἐστίν,
562 846 578 882 ἡ
604 847 632 875 δὲ
654 844 777 878 ἀκούσιος
799 852 803 867 ¹
825 846 892 884 πρὸς
916 849 1041 884 πονηρίας

249 888 376 925 σώματος.
420 894 463 916 ΙΠ.
485 889 613 916 Φαίνεται.
658 894 713 916 ΣΩ.
733 890 765 916 Τί
781 889 808 916 δὲ
824 888 911 925 φωνῆς
927 891 984 926 πέρι
999 891 1038 917 λε’-

247 941 312 968 γεις;
330 933 444 968 ποτέραν
460 930 511 967 φῂς
528 929 593 958 εἶναι
611 931 706 967 βελτίω,
724 930 770 966 τὴν
784 932 907 962 ἑκουσίως
921 929 1037 967 ἀπᾴδου-

248 985 305 1004 σαν,
323 971 339 1008 ἢ
356 972 401 1008 τὴν
420 971 559 1006 ἇκουσίωςς
598 978 642 1000 ῙΠ.
662 972 714 1008 Τὴν
731 974 859 1004 ἑκουσίως.
903 978 958 1001 ΣΩ.
974 978 1038 1001 Μο-

244 1016 412 1051 χθηροτέραν
438 1015 465 1042 δὲ
486 1014 531 1050 τὴν
553 1013 692 1048 ακουσίως,·
735 1020 779 1042 ΙΠ.
803 1016 866 1043 Ναί.
910 1020 965 1043 ΣΩ.
989 1017 1037 1043 Λέ-

247 1060 305 1088 ξαιο
328 1055 352 1084 δ’
370 1055 402 1084 ἄν
422 1056 535 1094 πότερον
551 1055 663 1103 ταγαθὰ
685 1056 841 1107 κεκξῆσῗαι,
868 1070 884 1092 η
906 1057 938 1085 τὰ
959 1056 1039 1090 nami,-

247 1097 440 1137 1Π.Τᾶγαθα.
483 1104 538 1127 ΣΩ.
565 1099 687 1137 Πότερον
714 1111 760 1127 ουν
786 1098 818 1127 ἆν
844 1100 929 1131 δέξαιο
956 1098 1041 1130 πόδας

246 1141 391 1177 κεκτῆσθαι
416 1142 538 1172 ἑκουσίως
559 1143 744 1176 χωλαίνοντας,
770 1140 786 1176 ἢ
813 1139 952 1175 ἆκουσίωςς
995 1147 1039 1169 ΙΠ.

430 1189 485 1211 ΣΩ
503 1185 604 1211 Χωλεία
622 1184 649 1211 δὲ
666 1183 755 1212 ποδῶν
772 1182 829 1219 οὐχὶ
849 1190 852 1204 ¹
871 1185 982 1221 πονηρία
997 1184 1040 1212 καὶ

247 1224 415 1263 ἀσχημοσύνη
434 1227 500 1259 ἐστίς
535 1231 579 1254 ΙΠ.
600 1227 662 1253 Ναί.
705 1231 761 1253 ΣΩ.
781 1227 813 1253 Τί
829 1226 867 1259 65,-
887 1224 1038 1263 ἅμβλυωπία

247 1280 277 1296 ου
303 1269 414 1306 πονηρία
440 1266 602 1305 ὀφθαλμῶνς
645 1273 689 1296 ΙΠ.
718 1269 781 1296 Ναί.
824 1273 879 1296 ΣΩ
905 1271 1040 1320 Ποτέρους

247 1311 293 1338 οὖν
319 1309 351 1338 ἂν
377 1309 481 1347 βουλοιο
510 1308 669 1347 ὀφθαλμοὺς
690 1309 834 1346 κεκτῆσθαι
856 1323 899 1338 και
920 1313 1040 1348 ποτέροις

247 1355 372 1385 συνεῖναις
395 1356 433 1384 οῖς
450 1352 513 1380 ἑκών
532 1351 563 1380 ἂν
580 1363 618 1384 τις
636 1350 796 1389 ἆμβλυώττοι
813 1364 857 1380 και
873 1351 1039 1390 παρορῴη,η

247 1405 285 1426 οις
307 1393 387 1428 α’κωνς
430 1400 474 1422 ΙΠ.
499 1393 543 1426 Οἷς
563 1393 632 1422 ἑκών.
677 1399 732 1422 ΣΩ.
749 1396 848 1422 Βελτίω
871 1393 923 1432 ἄρα
944 1394 1039 1433 ἥγησαι

245 1437 296 1465 τῶν
318 1448 418 1465 σαυτου
439 1436 472 1464 τὰ
495 1438 617 1468 ἑκουσίως
641 1436 743 1474 πονηρὰ
770 1435 938 1475 ἐργαζόμενα,
965 1436 980 1472 ἢ
1006 1436 1038 1465 τὰ

247 1478 385 1512 ἇκουσίωςς
425 1484 468 1506 ΙΠ.
489 1479 527 1507 Τὰ
545 1491 610 1517 γουν
627 1478 743 1507 τοιαῦτα.
780 1484 835 1506 ΣΩ.
857 1477 956 1507 Οὐκοῦν
970 1491 1037 1507 παν-

246 1534 289 1552 τα,
309 1519 365 1550 οἷον
382 1521 426 1549 καὶ
442 1521 495 1549 ὦτα
513 1534 557 1549 και
574 1534 614 1559 ριτ
616 1532 646 1553 ας
662 1522 706 1549 καὶ
724 1520 810 1558 στόμα
828 1522 871 1549 καὶ
888 1521 977 1553 πάσας
994 1521 1040 1552 τὰς

202 1568 219 1586 E
247 1562 398 1599 αἰσθήσεις,
418 1561 453 1594 εἷς
469 1562 548 1602 λόγος
565 1566 670 1598 συνέχει,
689 1563 736 1595 τὰς
751 1566 799 1601 μὲν
817 1562 931 1595 ἀκόντως
949 1570 953 1584 ¹
972 1564 1039 1592 κακὰ

247 1608 415 1644 ἐργαζομένοις
433 1604 557 1641 ἆκτήτους
574 1604 639 1633 εἶναι
656 1604 690 1637 ὦς
706 1605 823 1644 πονηρὰς
840 1604 929 1639 ου’σας,
948 1605 995 1638 τὰς
1013 1607 1040 1634 δὲ

245 1650 368 1680 ἑκουσίως
387 1647 481 1684 κτητὰς
502 1647 536 1679 ὡς
553 1646 663 1686 ἀγαθὰς
681 1646 770 1680 οὔσας.
814 1653 857 1676 ΙΠ.
872 1647 975 1687 Ἔμοιγε
993 1649 1037 1676 δο-

245 1694 290 1719 κεῖ.
334 1697 412 1718 XV11.
430 1695 486 1718 ΣΩ.
510 1692 542 1718 Τί
563 1691 602 1723 155,-
625 1688 742 1729 ὀργάνων
763 1693 879 1728 ποτέρων
901 1692 1004 1741 βελτίων
1025 1689 1039 1726 ἦ

245 1734 375 1766 κοινωνίας
403 1731 441 1764 οἷς
462 1732 526 1760 ἑκών
546 1743 583 1764 τις
604 1732 671 1761 κακὰ
694 1731 837 1771 ἐργαζεται,
859 1732 875 1768 ἢ
898 1737 937 1764 οἱς
958 1731 1038 1766 α’κων;

246 1774 302 1803 οἷον
318 1774 452 1810 πηδάλιον,
472 1776 491 1812 ᾡ
510 1774 579 1803 α’κων
595 1774 679 1806 κακῶς
696 1786 733 1806 τις
750 1774 909 1813 κυβερνήσει,
933 1776 1038 1812 βέλτιον,

244 1816 260 1852 ἢ
278 1819 297 1854 ᾠ
315 1816 390 1851 ἑκώνς
434 1818 534 1845 1Π.Ὼι
551 1816 621 1845 ἑκων.
665 1822 721 1845 ΣΩ
742 1815 779 1846 Ου
797 1818 839 1845 καὶ
858 1816 936 1849 τόξον
956 1817 1037 1849 ὡςαύ-

245 1870 294 1891 τως
320 1860 364 1887 καὶ
384 1858 448 1897 λύρα
471 1872 514 1887 και
536 1857 611 1888 αυλοὶ
632 1860 675 1887 καὶ
696 1860 776 1888 τᾶλλα
803 1858 951 1897 ξύμπαντα;
996 1865 1038 1887 ΙΠ.

182 1907 218 1924 375
244 1902 342 1938 ,ἀληθῆ
360 1904 445 1940 λέγεις.
469 1906 481 1919 *
503 1907 558 1929 ΣΩ.
579 1903 611 1929 Τί
627 1903 666 1935 δέ,-
684 1901 769 1939 ψυχὴν
786 1902 953 1952 κεκτῇσθαι“
949 1904 1038 1934 ι’ππου,

244 1946 260 1980 ὴ
279 1943 342 1972 ἑκών
359 1955 397 1975 τις
413 1944 496 1975 κακῶς
514 1942 645 1976 ωτπεύσει,
669 1943 785 1981 α’μεινον,
802 1943 819 1980 ἢ
835 1946 852 1981 ᾑ
872 1944 952 1978 α’κωνς
996 1950 1038 1972 ΙΠ.

241 1988 284 2014 Ἠι
306 1985 375 2014 ἑκών.
419 1991 474 2014 ΣΩ.
492 1988 610 2023 Λμείνων
633 1984 684 2024 ἄρα
707 1989 768 2014 ἐστί.
812 1992 855 2014 ln.
876 1988 939 2014 Ναί.
983 1992 1038 2014 ΣΩ.

246 2029 283 2066 Τῇ
302 2027 416 2065 ἀμείνονι
433 2027 485 2066 ἄρα
502 2028 573 2066 ψυχῇ
590 2030 673 2057 ι’ππου
690 2028 723 2057 τὰ
740 2028 785 2064 τῆς
798 2028 882 2066 ψυχῆς
897 2030 959 2067 ἔργα
974 2028 1036 2057 ταύ-

244 2082 287 2106 της
304 2071 336 2099 τὰ
354 2070 456 2108 πονηρὰ
475 2069 631 2102 ἑκουσίως“
615 2083 647 2099 αν
663 2074 749 2103 ποιοῖ,
768 2071 799 2108 τῇ
818 2072 845 2099 δὲ
862 2070 906 2107 τῆς
923 2070 1039 2109 πονηρᾶς

245 2112 385 2146 ἀκουσίωςς
429 2118 472 2140 ΙΠ.
499 2112 577 2141 Πάνυ
601 2125 639 2152 γε.
683 2118 739 2141 ΣΩ.
769 2111 869 2141 Οὐκοῦν
893 2114 937 2141 καὶ
964 2113 1039 2144 κυνὸς

243 2156 286 2184 καῖ
304 2155 354 2184 τῶν
373 2154 454 2183 ἄλλων
472 2155 540 2187 ζώων
557 2154 673 2189 πάντωνς
717 2161 760 2183 1Π.
781 2157 845 2183 Ναί.
888 2160 943 2183 ΣΩ.
963 2157 996 2183 Τί
1012 2156 1038 2183 δὲ

244 2197 286 2233 δής
306 2196 453 2235 ἀνθρώπου
469 2197 554 2235 ψυχὴν
572 2197 701 2233 ἐκτῆσθαι
715 2196 827 2229 τοξότου
842 2196 946 2235 ἄμεινόν
961 2201 1037 2230 ἐστιν,

201 2245 216 2263 B
242 2240 296 2276 ἣτις
313 2242 435 2271 ἑκουσίως
457 2239 595 2277 ἁμαρτάνει
618 2239 665 2268 τοῦ
688 2239 802 2273 σκοποῦ,
824 2238 840 2275 ἢ
861 2239 915 2275 ἥτις
933 2245 937 2260 ¹
957 2238 1036 2268 ἄκου-

244 2284 317 2316 σίως;
360 2288 404 2310 ῙΠ.
422 2282 494 2313 “Huc
515 2283 643 2313 ἑκουσίως.
687 2287 743 2310 ΣΩ.
765 2280 864 2310 Οὐκοῦν
882 2281 946 2317 αὕτη
965 2280 1036 2319 ἀμεί-

243 2337 292 2353 νων
309 2324 345 2356 εἶς
362 2323 463 2359 τοξικὴν
481 2327 547 2357 ἕστις
582 2330 626 2352 ΙΠ.
647 2325 709 2352 Ναί.
753 2329 808 2352 ΣΩ.
826 2325 883 2352 Καὶ
899 2324 969 2362 ψυχὴ
986 2323 1037 2362 ἄρα

244 2365 371 2398 ἀκουσίως
393 2364 581 2404 ἁμαρτάνουσα
603 2369 765 2404 πονηροτέρα
786 2365 802 2402 ἢ
820 2367 949 2398 ἑκουσίως.
993 2372 1036 2394 ΙΠ.

241 2407 281 2437 Ἐν
298 2409 386 2446 τοξικῇ
402 2420 438 2447 γε.
482 2414 538 2436 ΣΩ.
558 2410 590 2437 Τί
606 2407 629 2436 δ
648 2412 673 2437 ἓν
691 2408 804 2446 ἴατρικῇς
833 2407 891 2444 οὐχὶ
906 2407 922 2444 ἦ
940 2410 1036 2437 ἑκοῦσα

242 2451 308 2479 κακὰ
331 2453 483 2489 ἐργαζομένη
503 2451 563 2488 περι
584 2450 616 2479 τὰ
640 2450 749 2488 σώματα
772 2451 950 2489 ἶατρικωτέρας
994 2457 1036 2478 ln.

245 2495 307 2521 Ναί.
350 2498 405 2521 ΣΩ.
424 2494 542 2530 Λμείνων
560 2492 611 2530 α’ρα
630 2492 693 2528 αἷτη
713 2497 738 2521 ἐν
755 2505 837 2530 ταυτη
854 2493 886 2530 τῇ
904 2496 978 2530 τέχνῃ
993 2493 1038 2528 τῆς

953 2595 1169 2612 --ειοᾲι’-ἶ
1403 2602 1410 2617 1.
1420 2611 1426 2615 ρ
1480 2597 1486 2608 x
1504 2598 1509 2609 ι

742 180 971 207 PLATONIS
1010 180 1195 207 HIPPIAS
1234 179 1388 206 MINOR.

1089 258 1124 297 μὴ
1144 258 1292 297 [ἰατρικῆς]
1334 264 1378 286 ΙΠ.
1395 260 1520 296 ,Ἀμείνων
1559 264 1614 287 ΣΩ.
1634 260 1667 287 Τί
1682 258 1752 292 δίςζ
1738 271 1754 295 η
1771 263 1876 297 κιθαρι-

1092 303 1231 338 στικωτέρα
1253 300 1296 328 καὶ
1318 298 1502 352 αὖλητικωτέρα
1520 301 1563 328 καὶ
1580 295 1660 329 ταλλα
1677 300 1763 329 πάντα
1781 302 1813 330 τὰ
1830 315 1876 331 κα-

1090 343 1124 372 τὰ
1145 342 1192 374 τὰς
1211 348 1214 362 ¹
1233 344 1323 377 τέχνας
1340 353 1366 369 τε
1384 342 1427 370 καὶ
1443 342 1490 373 τὰς
1508 342 1648 380 ἐπιστημας
1666 341 1723 378 οὐχι
1740 342 1755 378 ἡ
1774 342 1879 381 ἀμείνων

1091 385 1187 413 ἑκοῦσα
1205 383 1238 412 τὰ
1256 383 1322 411 κακὰ
1341 383 1471 422 εργᾶζεται
1487 384 1531 412 καὶ
1547 385 1580 413 τὰ
1599 385 1695 422 αἰσχρὰ
1709 397 1753 413 και
1768 388 1876 425 ἐξαμαρ-

1091 426 1168 459 τάνει,
1186 424 1201 461 ἦ
1220 427 1247 454 δὲ
1263 427 1424 464 πονηροτέρα
1443 424 1557 460 ἄκουσας
1595 432 1639 455 ΙΠ.
1661 429 1788 455 Φαίνεται.
1824 434 1878 456 ΣΩ.

1091 468 1164 497 Λλλὰ
1184 467 1235 505 μήν
1255 479 1308 496 που
1328 465 1376 499 τᾶς
1394 479 1424 506 γε
1445 468 1495 496 τῶν
1516 467 1614 497 δουλων
1634 468 1721 506 ψυχὰς
1737 469 1880 506 κεκτῆσθαι

1092 508 1224 547 δεξαίμεθ
1250 508 1282 537 ἄν
1306 509 1405 547 μᾶλλον
1429 509 1476 541 τὰς
1502 511 1623 542 ἑκουσίως
1647 509 1663 546 ἢ
1686 510 1733 542 τὰς
1755 509 1880 544 ἀκουσίως

1092 550 1293 590 ἁμαρτανούσας
1310 563 1336 579 τε
1354 552 1398 579 καὶ
1418 551 1625 590 κακουργούσας,
1647 552 1681 584 ὦς
1699 551 1816 591 ἀμείνους
1833 553 1878 583 01³3-

1091 605 1141 625 σας
1157 594 1193 625 εἷς
1210 593 1299 622 ταῦτα.
1343 599 1387 621 ΙΠ.
1407 595 1470 621 Ναί.
1513 599 1568 622 ΣΩ.
1588 596 1619 622 Τί
1636 595 1675 627 δέ;
1697 594 1743 630 τὴν
1758 594 1880 634 ἡμετέραν

1091 635 1176 664 αὐτῶν
1193 634 1224 664 οὗ
1243 634 1392 673 βουλοίμεθ’
1410 634 1442 663 ἄν
1458 634 1492 666 ὡς
1510 637 1640 673 βελτίστην
1658 636 1798 672 ἐκτῆσθαις
1836 644 1878 666 ΙΠ.

1093 680 1155 706 Ναί.
1199 683 1254 706 ΣΩ.
1280 675 1379 706 Οὐκοῦν
1401 678 1504 713 βελτίων
1526 679 1609 711 ἔσται,
1633 677 1677 706 ἐὰν
1696 685 1700 699 ¹
1718 679 1815 708 ἑκοῦσα
1832 692 1877 708 κα-

1091 719 1188 759 κουργῇ
1206 732 1232 748 τε
1249 720 1293 748 καὶ
1311 718 1486 760 ἐξαμαρτάνῃ,
1504 718 1519 755 ἢ
1539 719 1583 748 ἐὰν
1601 719 1714 754 ἄκουσα,-
1757 727 1800 749 ῙΠ.
1819 725 1878 751 Δει-

1091 761 1137 791 νὸν
1152 760 1219 800 μέντ’
1237 761 1269 790 ἂν
1285 764 1335 797 εἴη,
1357 761 1377 789 ὦ
1394 760 1542 799 Σώκρατες,
1561 762 1583 790 εἰ
1601 763 1628 791 οἱ
1644 761 1743 794 ἑκόντες
1762 761 1878 793 ἀδικοῦν-

1090 816 1131 836 τες
1157 805 1269 841 βελτίους
1296 804 1399 832 ἔσονται
1420 801 1435 838 ἢ
1457 804 1484 831 οῖ
1505 803 1617 836 α’κοντες.
1660 810 1715 832 ΣΩ.
1737 804 1811 833 Λλλὰ
1832 805 1881 843 μὴν

1090 848 1209 883 φαίνεταί
1232 858 1262 884 γε
1289 849 1315 873 ἑκ
1341 845 1392 873 τῶν
1414 845 1556 887 εἰρημένων.
1599 852 1642 874 ΙΠ.
1668 846 1767 875 Ουκουν
1788 848 1879 886 ἔμοιγε.

1090 895 1180 916 xvm.
1199 894 1253 916 ΣΩ.
1270 886 1334 925 Εγώ
1352 886 1376 915 δ
1393 885 1474 925 ω’μην,
1501 900 1521 916 ω
1540 887 1639 922 Ἱππία,
1667 890 1710 917 καὶ
1732 890 1776 918 σοὶ
1796 890 1878 926 φανῆ-

1090 943 1139 959 ναι.
1165 929 1243 958 πάλιν
1260 928 1284 957 δ
1302 927 1450 967 ἇπόκριναι’
1472 928 1487 965 ἦ
1505 929 1654 967 δικαιοσύνη
1672 929 1729 966 οὐχὶ
1745 930 1760 967 ἢ
1778 930 1881 970 δύναμίς

1090 975 1127 1004 τίς
1144 975 1224 1005 ἐστιν,
1243 970 1258 1007 ἢ
1277 971 1413 1021 ἐπιστήμη,
1435 969 1451 1007 ἦ
1469 970 1616 1011 αμφότερα;
1643 972 1658 1009 ἢ
1677 971 1723 1002 οὐκ
1741 971 1839 1012 ἀνάγκη
1857 974 1881 1002 ἓν

1089 1017 1120 1053 γέ
1136 1027 1160 1043 τι
1176 1026 1275 1043 τουτων
1292 1026 1357 1042 ειιαι
1373 1013 1419 1049 τὴν
1437 1014 1612 1051 δικαιοσύνηνς
1638 1021 1642 1036 ¹
1667 1021 1710 1043 ΙΠ.
1731 1017 1794 1044 Ναί.
1826 1021 1880 1044 ΣΩ.

1093 1056 1193 1085 Οὐκοῦν
1213 1056 1236 1085 εἰ
1255 1058 1303 1094 μὲν
1325 1054 1429 1093 δύναμίς
1450 1060 1503 1085 ἐστι
1525 1057 1569 1093 τῆς
1589 1057 1673 1094 ψυχῆς
1692 1056 1707 1093 ἦ
1726 1057 1880 1094 δικαιοσυνη,

1089 1112 1105 1135 η
1127 1100 1287 1137 δυνατωτέρα
1308 1097 1385 1148 mum)3
1395 1100 1438 1126 καὶ
1456 1100 1600 1138 δικαιοτέρα
1619 1102 1684 1133 ἐστίς
1712 1101 1814 1137 βελτίων
1830 1099 1882 1139 γάρ

1090 1153 1143 1170 που
1163 1140 1223 1179 ἦμῖν
1245 1140 1336 1177 ἐφάνη,
1364 1153 1384 1168 ω
1407 1153 1507 1179 αριστε,
1534 1140 1549 1177 ἡ
1571 1154 1684 1178 τοιαυτη.
1728 1148 1771 1170 ΙΠ.
1787 1140 1882 1193 Ἐφιίνη

1089 1196 1147 1222 γαρ.
1191 1188 1246 1212 ΣΩ
1270 1185 1301 1211 Τί
1318 1181 1342 1210 δ’
1358 1183 1381 1211 εἲ
1399 1183 1536 1221 ἐπιστήμης
1562 1196 1609 1219 ουχ
1625 1183 1641 1220 ἦ
1659 1187 1796 1222 σοφωτέρα
1813 1184 1881 1222 ψυχὴ

1090 1227 1242 1263 δικαιοτέρα,
1261 1224 1276 1261 ἦ
1295 1226 1321 1253 δὲ
1340 1223 1511 1263 αμαθεστέρα
1529 1224 1682 1264 ἀδικωτέρας
1724 1232 1768 1255 ΙΠ
1787 1231 1799 1244 *
1819 1228 1880 1254 Ναί.

1090 1274 1145 1296 ΣΩ.
1169 1269 1201 1296 Τί
1221 1265 1245 1295 δ’
1266 1267 1289 1295 εἰ
1312 1265 1459 1306 ἆμφότερας
1487 1266 1534 1303 οὐχ
1559 1267 1575 1303 ἦ
1603 1267 1750 1306 ἀμφοτέρας
1777 1269 1880 1304 ἔχουσα,

1091 1309 1231 1347 ἐπιστήμην
1252 1322 1295 1338 και
1314 1308 1431 1347 δύναμιν,
1446 1311 1612 1362 ,δικαιοτέρῳ
1630 1309 1646 1346 ἡ
1665 1311 1690 1339 δὲ
1710 1309 1881 1349 αμαθεστέρα

1091 1350 1243 1389 ἀδικωτέρας
1271 1349 1319 1387 οὐχ
1338 1350 1418 1383 ου’τως
1437 1364 1534 1390 αναγκη
1561 1353 1637 1388 ἐχειςν
1682 1358 1724 1380 ΙΠ.
1753 1355 1880 1382 Φαίνεται.

1090 1400 1145 1422 ΣΩ.
1167 1392 1266 1423 Οὐκοῦν
1286 1392 1302 1429 ἦ
1325 1394 1484 1432 δυνατωτέρα
1506 1395 1549 1422 καὶ
1571 1396 1707 1433 σοφωτέρα
1727 1407 1790 1431 αυτη
1809 1393 1879 1433 ἆμεί-

1090 1449 1140 1465 νων
1161 1448 1230 1465 ουσα
1253 1434 1333 1472 ἐφανη
1350 1436 1394 1464 καὶ
1412 1434 1546 1474 ἀμφότερα
1563 1436 1670 1490 μᾶλλον
1679 1437 1802 1475 δυναμένη
1819 1449 1880 1466 ποι-

1090 1482 1138 1511 εῖν,
1165 1479 1209 1507 καὶ
1225 1491 1258 1507 τα
1276 1477 1343 1506 καλὰ
1360 1479 1404 1506 καὶ
1420 1478 1452 1506 τὰ
1473 1478 1585 1529 αἰσχροί),
1611 1479 1671 1517 περὶ
1690 1479 1782 1508 πᾶσαν
1803 1483 1879 1518 ἐργα-

1091 1523 1162 1555 σίαν;
1189 1525 1202 1539 *
1228 1526 1272 1549 ΙΠ.
1297 1522 1359 1548 Ναί.
1403 1526 1458 1548 ΣΩ.
1473 1520 1551 1549 Οταν
1569 1520 1619 1559 ἄρα
1637 1520 1669 1550 τὰ
1689 1521 1785 1560 αἰσχρὰ
1803 1521 1879 1561 ἑργᾶ-

1090 1566 1172 1599 ζηται,
1190 1563 1287 1592 ἑκοῦσα
1306 1562 1436 1601 ἐργάζεται
1454 1562 1496 1591 διὰ
1515 1562 1620 1601 δύναμιν
1637 1576 1680 1592 και
1697 1566 1790 1599 τέχνην.
1817 1564 1879 1592 ταῦ·

1090 1618 1122 1634 τα
1149 1607 1176 1634 δὲ
1202 1604 1365 1640 δικαιοσυνης
1390 1607 1520 1642 φαίνεται,
1547 1605 1604 1641 ἤτοι
1631 1604 1777 1643 ἀμφότερα,
1810 1605 1825 1642 ἢ
1850 1606 1880 1635 τὸ

1091 1649 1184 1686 ἕτερον.
1228 1653 1271 1676 ln.
1286 1646 1375 1675 Ἐὀικε.
1419 1653 1474 1675 ΣΩ.
1492 1648 1547 1676 Καὶ
1565 1647 1594 1676 τὸ
1611 1651 1658 1686 μέν
1673 1660 1702 1686 γε
1722 1647 1816 1676 ἀδικεῖν
1833 1661 1879 1676 κα-

1090 1690 1122 1719 κὰ
1149 1693 1233 1719 ποιεῖν
1260 1693 1326 1722 ἐστι,
1353 1688 1382 1718 τὸ
1410 1691 1436 1718 δὲ
1457 1689 1492 1727 μὴ
1515 1688 1609 1718 ἀδικεῖν
1634 1689 1707 1718 καλοί.
1752 1696 1794 1718 111.
1819 1692 1880 1718 Ναί.

1090 1738 1146 1761 ΣΩ.
1171 1731 1271 1761 Οὐκοῦν
1291 1730 1306 1767 ἦ
1329 1732 1489 1770 δυνατωτέρα
1511 1733 1554 1760 καὶ
1576 1731 1684 1770 ἀμείνων
1708 1731 1790 1770 ψυχή,
1818 1732 1882 1761 ὅταν

1089 1787 1138 1813 περ
1165 1773 1251 1812 ἀδικῇ,
1278 1774 1375 1802 ἑκοῦσα
1401 1773 1526 1809 ἀδικήσει,
1553 1773 1568 1810 ἦ
1596 1776 1622 1803 δὲ
1642 1774 1745 1812 πονηρὰ
1767 1773 1880 1808 ἄκουσας

1090 1823 1133 1845 ΙΠ.
1162 1818 1290 1845 Φαίνεται.
1334 1821 1389 1844 ΣΩ.
1414 1815 1513 1845 Οὐκοῦν
1539 1815 1647 1855 ἀγαθὸς
1673 1815 1735 1855 ἀνὴρ
1762 1815 1776 1845 ὅ
1803 1816 1849 1853 τὴν
1876 1823 1880 1838 ¹

1091 1858 1199 1898 ἀγαθὴν
1223 1858 1309 1897 ψυχὴν
1336 1859 1410 1894 ἔχων,
1437 1858 1517 1890 κακὸς
1542 1860 1568 1887 δὲ
1596 1857 1610 1887 ὃ
1637 1858 1683 1895 τὴν
1703 1858 1795 1894 κακήν,·
1838 1865 1880 1887 ΙΠ.

1093 1903 1155 1929 Ναί.
1198 1907 1254 1929 ΣΩ.
1280 1901 1400 1939 Ἀγαθοῦ
1424 1903 1471 1938 μέν
1498 1900 1549 1955 ἄρα
1577 1900 1670 1951 131215902'
1696 1904 1765 1929 ἐστιν
1790 1900 1880 1930 ἑκόντα

1091 1943 1196 1977 ἀδικειν,
1218 1943 1299 1971 κακοῦ
1321 1943 1348 1971 δὲ
1370 1941 1479 1976 α’κοντα,
1506 1946 1577 1981 εἴπερ
1599 1942 1613 1972 ὅ
1641 1941 1749 1982 αγαθὸς
1775 1941 1882 1982 ἆγαθην

1089 1985 1174 2024 ψυχὴν
1201 1987 1258 2022 ἔχει
1301 1990 1344 2013 ΙΠ.
1368 1984 1442 2013 Λλλα
1469 1985 1519 2023 μὴν
1546 1986 1594 2021 ἔχει
1618 1997 1656 2024 γε.
1699 1991 1754 2014 ΣΩ.
1776 1984 1813 2036 (ἾΟ
1831 1984 1881 2024 ἆρα

1089 2028 1152 2057 ἑκὼν
1171 2026 1326 2066 ἆμαρτανων
1342 2028 1386 2055 καὶ
1404 2027 1500 2069 αἷσχρὰ
1517 2029 1561 2056 καὶ
1579 2026 1653 2056 α’δικα
1671 2027 1764 2060 ποιῶν,
1791 2040 1812 2056 ω
1826 2026 1879 2056 Ἱπ-

1089 2072 1144 2103 πία,
1163 2073 1233 2108 εἶ’περ
1251 2071 1288 2101 τίς
1306 2073 1375 2098 ἐστιν
1393 2071 1476 2103 οὗτος,
1496 2082 1542 2098 ουκ
1561 2069 1593 2098 ἂν
1610 2069 1687 2101 ἄλλος
1700 2073 1738 2106 εἴη
1751 2068 1767 2106 ἢ
1783 2068 1797 2098 ὁ
1814 2068 1879 2109 ἆγα-

1089 2112 1150 2144 θός.
1194 2118 1237 2140 ΙΠ.
1259 2110 1310 2141 Οὔκ
1329 2113 1376 2147 ῗχω
1395 2111 1465 2143 ὅπως
1483 2124 1527 2140 σοι
1545 2111 1715 2166 συγχωρήσω,
1733 2124 1754 2140 ω
1771 2111 1879 2162 Σωκρα-

1088 2166 1137 2187 τες,
1154 2154 1244 2183 ταῦτα.
1288 2159 1343 2182 ΣΩ.
1365 2152 1429 2182 Ουδὲ
1446 2153 1498 2192 γὰρ
1517 2153 1566 2193 ἐγὼ
1585 2156 1648 2192 ἐμοί,
1667 2166 1687 2182 ω
1702 2152 1801 2182 Ιππία·
1827 2152 1878 2182 ἀλλ’

1089 2196 1233 2236 ἀναγκαῖον
1254 2195 1320 2224 ου’τω
1344 2202 1348 2217 ¹
1371 2197 1518 2232 φαίνεσθαι
1538 2196 1584 2225 νῦν
1603 2208 1633 2235 γε
1649 2195 1709 2234 ἡμῖν
1727 2200 1752 2224 ἐκ
1769 2195 1817 2225 τοῦ
1834 2195 1878 2225 λό-

1087 2252 1144 2278 γου.
1172 2240 1236 2276 ὅπερ
1252 2241 1340 2276 μέντοι
1357 2237 1438 2266 πάλαι
1457 2240 1554 2277 ἔλεγον,
1578 2238 1627 2277 ἐγὼ
1649 2239 1708 2276 περὶ
1729 2238 1811 2267 ταῦτα
1830 2237 1881 2267 ὅτ’νω

1088 2282 1131 2310 καὶ
1156 2280 1225 2309 κάτω
1251 2280 1388 2318 πλανῶμαι
1412 2282 1456 2309 καὶ
1482 2279 1606 2310 οὐδέποτε
1631 2279 1714 2309 ταύτά
1738 2292 1784 2318 μοι
1805 2281 1881 2310 δοκεῖ.

1092 2324 1136 2352 καὶ
1157 2326 1199 2361 ἐμὲ
1220 2325 1267 2361 μὲν
1285 2321 1359 2351 οὐδὲν
1376 2322 1537 2361 θαυμαστὸν
1553 2324 1711 2351 πλανᾶσθαι
1728 2321 1788 2352 οὐδὲ
1806 2322 1883 2352 ἄλλον

1088 2365 1199 2401 ἰδιώτην
1227 2365 1250 2394 εἶ
1272 2366 1299 2394 δὲ
1321 2366 1364 2393 καὶ
1380 2364 1452 2403 ’ὑμεῖς
1468 2365 1639 2401 πλανήσεσθε
1658 2366 1684 2394 οἱ
1702 2366 1794 2402 σοφοί,
1818 2364 1880 2394 τοῦ-

1087 2421 1118 2437 το
1139 2406 1187 2445 ἤδη
1209 2409 1252 2436 καὶ
1273 2406 1333 2444 ἡμῖν
1355 2407 1449 2441 δεινόν,
1472 2408 1495 2436 εἶ
1514 2409 1578 2446 μηδὲ
1595 2406 1656 2445 παρ’
1671 2406 1739 2445 ὗμᾶς
1757 2405 1880 2446 ἆφικόμε-

1088 2463 1128 2479 νοι
1145 2449 1309 2487 παυσόμεθα
1327 2450 1372 2486 τῆς
1388 2449 1491 2486 πλάνης.

1400 2560 1420 2598 »Ι
1452 2576 1459 2600 ἵ,
1527 2552 1540 2602 fr

1528 2607 1529 2620 l

1702 2573 1803 2626 ‘sm
